2858 5296
326 302 397 381 136
706 323 742 372 r.
762 323 874 375 cons.
893 322 998 375 csssr
1067 338 1072 349 ·

324 499 508 579 cavendae
525 497 796 585 destillationes,
816 522 875 584 ne,
892 496 1028 597 siquid
1044 495 1211 575 curales

323 624 513 714 asperentr
537 625 576 688 et
591 611 639 688 ob
656 611 696 685 id
712 611 861 687 vitanda
876 609 1047 698 cruditas,
1066 609 1210 712 simulqr

323 740 363 804 et
383 727 526 826 frigus,
551 749 592 802 os
616 724 876 824 obtegendum,
903 721 1028 799 fauces
1053 723 1209 799 velanda

317 840 409 923 ,cula
437 843 511 915 auis
539 838 708 914 remediis
737 836 918 914 finiendas
948 849 996 925 et,
1026 837 1202 936 quamdiu

323 953 502 1030 febricula
517 957 689 1038 incursat,
716 950 801 1027 huic
818 949 1003 1029 interdum
1019 951 1207 1027 abstinenti

325 1068 414 1143 dum
448 1069 557 1144 enam
590 1065 813 1164 tempestivis
847 1064 940 1139 cibis
967 1063 1206 1156 medendumr

324 1192 489 1280 tempore
506 1178 665 1257 bibenda
681 1203 787 1277 aqua.
831 1176 909 1253 lae
926 1200 1085 1277 quoque,
1105 1176 1205 1280 quod

324 1295 372 1369 tis
389 1292 589 1381 doloribus,
616 1304 655 1366 et
670 1293 708 1365 in
726 1291 843 1367 acutis
859 1291 1033 1380 febribus,
1057 1303 1096 1367 et
1111 1317 1177 1391 per
1191 1315 1204 1367 t

323 1408 436 1483 nimia
451 1408 521 1493 siti,
546 1430 601 1495 ac,
631 1406 706 1480 sive
729 1404 942 1503 praecordia
967 1417 1120 1491 tument,
1147 1405 1203 1481 siu

323 1520 428 1594 urina
445 1531 510 1607 est,
535 1520 610 1593 sive
638 1519 784 1616 sanguis
814 1517 933 1605 fluxit,
964 1542 1032 1617 pro
1058 1542 1202 1593 veneno

322 1632 459 1735 phthisi
478 1645 614 1721 tamem
641 1634 737 1709 sicut
761 1634 800 1705 in
825 1632 995 1706 omnibus
1020 1630 1137 1729 longis
1154 1631 1202 1707 dil

324 1771 397 1847 que
425 1746 623 1834 febriculis,
652 1760 753 1823 recte
783 1745 861 1822 dari
887 1757 1018 1844 potest.
1070 1743 1185 1834 Quod

322 1873 389 1937 aut
403 1861 569 1936 nondum
582 1862 753 1947 incursat,
772 1872 837 1934 aut
847 1858 924 1958 jam
938 1859 1085 1945 remisit,
1105 1857 1201 1935 decu

323 1974 442 2048 estad
459 1972 621 2048 modicas
644 1974 934 2059 exercitationes,
958 1973 1191 2070 maximeque

322 2087 464 2179 tiones3
482 2089 570 2162 item
588 2085 688 2160 lenes
701 2083 898 2160 frictiones.
942 2084 1120 2161 Balneum
1132 2084 1200 2160 alie

323 2198 438 2273 Cibus
468 2223 546 2273 esse
570 2198 680 2273 debet
704 2200 823 2296 primo
849 2223 944 2285 acer,
974 2210 1017 2273 ut
1045 2198 1182 2286 allium,

304 2311 435 2412 'idque
451 2312 571 2412 ipsum
589 2336 634 2386 ex
652 2324 769 2395 aceto,
798 2311 855 2385 vel
881 2335 928 2384 ex
955 2311 1086 2386 eodem
1114 2310 1200 2386 intul

322 2449 436 2514 mum,
456 2425 622 2499 lactuca:
648 2423 782 2498 deinde
800 2423 904 2511 lenis,
933 2437 975 2498 ut
992 2423 1140 2499 sorbitio
1157 2448 1199 2499 ea

322 2538 382 2613 vel
409 2563 456 2614 ex
486 2539 588 2625 alica,
615 2536 672 2611 vel
701 2562 749 2611 ex
775 2538 908 2636 amylo,
939 2536 1034 2612 lacte
1060 2537 1199 2637 adjecto

323 2677 433 2752 oryza
461 2677 620 2751 quoque,
650 2663 698 2738 et,
731 2653 760 2722 si
785 2651 873 2724 nihil
903 2650 1001 2725 aliud
1031 2664 1097 2739 est,
1123 2650 1179 2725 far

323 2764 424 2840 Tum
441 2768 598 2840 invicem
619 2765 730 2838 modo
756 2765 810 2837 bis
837 2765 937 2852 cibis,
966 2765 1076 2838 modo
1100 2765 1169 2839 illis
1195 2791 1198 2825 ³

323 2897 403 2970 est;
423 2879 701 2977 adjiciendaque
714 2878 890 2977 quaedam
904 2904 949 2952 ex
966 2880 1084 2952 media
1097 2892 1198 2953 mate:

322 2993 504 3089 cipueque
521 2993 579 3065 vel
597 3017 642 3065 ex
669 2993 787 3089 prima
812 2990 1067 3078 cambellanus
1083 2992 1140 3067 vel
1164 2994 1198 3091 pi

321 3116 359 3178 et
377 3103 432 3176 his
449 3104 588 3180 similia.
641 3103 772 3176 Farina
789 3107 898 3179 etiam
923 3132 1009 3179 cum
1030 3131 1116 3181 sevo
1133 3107 1197 3181 ovi

321 3240 416 3290 nove
434 3218 560 3302 mixta,
588 3215 721 3291 deinde
740 3219 893 3302 incocta,
920 3244 988 3317 pro
1013 3220 1197 3295 medicam

320 3328 460 3404 Vinum
478 3329 611 3403 assumi
624 3329 734 3403 debet
745 3329 835 3414 leve,
850 3346 1045 3409 austerum.
1089 3333 1197 3409 Hactr

320 3467 453 3542 magna
471 3440 566 3516 mole
583 3455 790 3542 pugnatur:
817 3446 846 3517 si
866 3445 1197 3523 vehementiorum

321 3582 441 3656 neque
466 3555 654 3644 febricula,
687 3581 807 3654 neque
833 3561 939 3633 tussis
965 3562 1129 3658 quiescit,
1158 3573 1195 3636 te

321 3695 454 3769 corpus
471 3683 632 3769 apparet,
650 3669 883 3747 validioribus
897 3674 1039 3748 auxiliis
1052 3698 1145 3773 opus
1157 3699 1196 3750 es

321 3783 519 3857 cerandum
546 3798 600 3859 est
625 3782 721 3858 ferro
747 3785 929 3872 candenti,
958 3811 1033 3860 uno
1050 3787 1132 3863 loco
1147 3789 1196 3863 su'

318 3894 432 3970 altero
449 3898 486 3968 in
504 3908 665 3994 gutture,
692 3896 835 3972 duobus
860 3899 908 3972 ad
933 3924 1125 3975 mammam
1154 3914 1196 3977 ut

352 4081 365 4108 ¹
379 4072 459 4147 Lege,
472 4077 514 4129 vel
524 4094 557 4130 et
568 4094 693 4145 apnrqau
706 4078 867 4131 cerebellum.
906 4078 1044 4151 Significat
1055 4079 1125 4133 enim
1141 4080 1196 4133 Cam

318 4158 454 4213 materiam
478 4159 585 4231 quidem
605 4160 731 4214 utendam
752 4179 824 4214 essa:
841 4161 887 4216 secl
907 4163 990 4234 hujus
1007 4163 1088 4217 etiarn
1105 4163 1197 4218 fortias

318 4249 409 4311 tatem
430 4243 531 4299 scilicet
549 4244 635 4299 armis
656 4263 790 4317 aprugnua
811 4247 979 4315 cembellum,
999 4267 1048 4320 per
1066 4247 1197 4303 intamisa

317 4328 416 4381 assumi
436 4347 523 4401 possa.
561 4329 627 4383 Cod.
647 4329 717 4382 lllcrl.
733 4329 753 4383 1.
771 4339 798 4385 ct
813 4331 848 4385 ll.
870 4331 968 4388 habeut
988 4352 1021 4386 er
1033 4350 1125 4401 prarru
1135 4353 1147 4396 ,·
1171 4332 1197 4385 M

322 4409 368 4463 Vl.
381 4418 408 4466 et
421 4409 483 4466 var,
498 4409 562 4466 Vll.
576 4431 608 4466 ec
620 4431 734 4482 rrpncua.
