2858 5296
417 690 630 742 uenrcmns
650 692 724 742 ms.
744 696 779 741 v.
1058 679 1133 755 209

89 862 260 963 ulphnris
276 862 375 938 dnae
393 878 525 965 partes,
552 868 690 943 resinae
717 867 982 943 terebinthinae
1007 882 1129 967 partes

89 1004 157 1055 res.

120 1090 182 1167 16.
209 1090 351 1167 Arabis
366 1104 490 1169 autern
514 1117 574 1193 qu
565 1092 705 1168 usdam
731 1106 787 1171 est
811 1093 860 1169 ad
876 1106 1062 1183 strumam,
1089 1106 1255 1169 etnsnm.

89 1206 224 1281 trientis
240 1206 446 1294 tubercula,
462 1208 707 1307 quaepipara
720 1221 909 1296 vocantur,
925 1192 1211 1337 quodhaecm'

89 1316 218 1419 ligent.
272 1318 403 1396 Habet
430 1320 609 1420 myrrhae,
637 1321 719 1395 salis
742 1324 971 1410 ammoniaci,
999 1322 1127 1407 thuris,

91 1432 213 1507 resinae
228 1448 268 1507 et
283 1430 447 1531 liquidae
464 1446 504 1508 et
518 1433 652 1519 aridae,
677 1437 989 1533 crocomagmatis,
1009 1458 1127 1520 cerae,

95 1546 300 1645 sinprlomm
314 1572 352 1647 p.
368 1578 412 1635 χ.
427 1571 453 1621 1.
464 1547 594 1647 lapidis
610 1549 700 1648 ejus,
715 1574 824 1650 quem
838 1551 966 1649 πυρίτην
979 1560 1124 1637 vocant,

97 1680 180 1757 px.
191 1684 242 1735 ιι.
254 1662 392 1761 quibus
404 1662 553 1761 quidam
570 1661 744 1762 adjiciunt
762 1663 947 1763 sulphuris
964 1689 999 1763 p.
1019 1696 1067 1755 χ.
1085 1690 1127 1738 11.

135 1782 187 1863 17.
212 1774 280 1850 Est
296 1776 407 1850 etiam
426 1776 617 1875 proficiens
633 1777 669 1850 in
688 1790 835 1865 struma,
854 1780 946 1853 etin
963 1780 1006 1853 iis
1023 1779 1129 1854 tube·
1142 1784 1266 1836 aaran

96 1886 184 1974 nbus,
209 1914 305 1989 quae
331 1888 526 1965 difficiliter
543 1904 833 1989 concoquuntur,
860 1892 953 1966 etin
969 1894 1013 1967 iis
1030 1919 1126 1994 quae

94 2000 243 2101 aaa&
258 2015 452 2091 vocantur,
472 2004 570 2103 quod
594 2030 641 2079 ex
667 2004 722 2079 his
747 2019 911 2080 constat:
939 2006 1123 2105 sulphuris

93 2137 124 2213 p.
142 2148 182 2203 l(-
197 2142 240 2191 u.
263 2119 349 2193 nitri
367 2144 402 2216 p.
426 2147 472 2204 χ.
490 2141 542 2191 ιν.
568 2119 736 2217 myrrhae
761 2144 797 2217 p.
821 2148 866 2205 κ.
884 2144 937 2193 ιι.
962 2118 1126 2219 fuliginis

95 2226 252 2327 thurisp.
269 2256 299 2305 s.
314 2232 396 2306 salis
414 2233 752 2332 ammoniacip.=
752 2257 940 2331 ceraep
954 2257 982 2306 1

137 2350 194 2419 18.
221 2344 435 2422 Protarchus
452 2358 575 2422 autem
591 2346 638 2421 ad
654 2345 847 2446 reparabat,
867 2371 984 2447 eaque
1001 2346 1124 2421 tuber·
1139 2368 1268 2431 Αιμω.

89 2456 174 2539 cula.
191 2484 284 2559 quae
298 2463 477 2559 μιλιιῆςια,
506 2460 544 2533 id
571 2473 636 2548 est,
663 2459 748 2547 favi,
766 2461 824 2536 vel
850 2460 989 2592 pipam
1010 2460 1126 2535 nomi·
1138 2435 1211 2485 Μ’

89 2588 220 2659 mmr,
245 2576 336 2649 item
363 2573 458 2648 mala
472 2574 608 2661 ulcera,
635 2575 800 2673 pumicis,
829 2578 969 2651 resinae
997 2575 1127 2702 pineae

89 2682 245 2785 liquidae,
273 2686 393 2761 thuris
420 2686 589 2785 fuliginis,
617 2713 766 2786 spumae
792 2691 890 2774 nitri,
916 2688 1084 2775 iridis,
1058 2713 1131 2761 sm·

89 2802 246 2899 prlomm
264 2830 302 2904 p.
326 2808 370 2890 χ’.
389 2828 471 2876 v111.
499 2827 584 2876 cum
610 2827 714 2877 cerae
738 2828 775 2901 p.
800 2805 848 2889 χ’.
869 2827 922 2876 rx.
941 2803 1130 2886 miscebat,

89 2914 202 3019 lisque
221 2918 296 2993 olei
313 2916 488 3017 cyathum
506 2928 544 2990 et
560 2915 751 2989 dimidium
768 2915 974 3014 adjiciebat.

128 3038 185 3114 19.
214 3032 273 3107 At
290 3030 463 3105 adversus
479 3054 622 3129 panem,
648 3045 728 3103 tum
754 3029 914 3127 primum
940 3027 1295 3112 orientemednnm

91 3146 174 3241 quad
190 3146 350 3239 φῦγιθλον
366 3143 501 3217 Graeci
530 3154 672 3227 vocant,
700 3154 739 3215 et
764 3164 873 3214 omne
899 3137 1133 3215 tuberculum

96 3260 176 3357 qud
192 3266 292 3356 φῦμα
316 3259 535 3342 nominatur,
555 3258 730 3329 miscetur
747 3253 871 3339 ochra,
892 3278 986 3351 quae
1005 3251 1133 3327 Attice

98 3374 300 3457 nominatur,
330 3394 415 3443 curn
447 3369 588 3442 duabus
619 3367 782 3465 partibus
813 3365 960 3454 similae,
993 3365 1134 3463 hisque,

102 3478 169 3559 dum
184 3482 477 3568 contunduntur,
496 3480 652 3556 subinde
682 3479 756 3556 mel
781 3479 986 3567 instillatur,
1013 3478 1132 3553 donec

106 3594 308 3696 malagmatis
325 3595 528 3669 crassitudo
546 3596 603 3667 sit.

139 3714 191 3783 10.
216 3709 385 3784 Discutit
401 3710 511 3782 etiam
529 3732 637 3781 omne
654 3707 898 3793 tuberculum,
917 3706 1017 3806 quod
1035 3712 1131 3804 φῦμα
1142 3727 1183 3775 nr
1195 3727 1295 3791 pnym

112 3834 243 3910 meur,
262 3821 313 3909 id,
334 3819 435 3920 quod
451 3821 563 3896 habet
579 3820 698 3907 calcis,
717 3822 801 3894 nitri
821 3845 982 3919 spumae,
1001 3820 1136 3918 piperis

116 3935 241 4023 nundi,
268 3934 508 4063 singulorum
522 3961 557 4034 p.
581 3964 625 4020 χ.
645 3959 670 4007 1.
688 3933 833 4030 galbani
859 3960 895 4033 p.
920 3961 964 4017 κ.
987 3956 1027 4005 ιι.
1054 3930 1137 4003 salis

118 4062 194 4137 μχ.
211 4072 259 4122 ιι.
278 4074 373 4147 quae
390 4049 624 4145 excipiuntur
642 4059 765 4121 cerato
782 4071 829 4120 ex
848 4072 931 4120 rosa
948 4043 1059 4119 factu.

150 4164 199 4233 11.
220 4163 491 4261 Supprimitque
504 4186 624 4248 omne
641 4160 740 4259 quod
754 4159 927 4245 abscedit
942 4156 1017 4243 id,
1008 4182 1046 4231 m
1059 4171 1211 4288 qnoAda
1196 4172 1290 4220 aben

125 4273 309 4369 &galbani
329 4275 436 4350 fabae
453 4274 595 4363 fressac,
624 4272 904 4373 singulorump.
929 4302 974 4358 κ.
994 4295 1018 4344 1
1037 4297 1133 4368 myr-
1172 4256 1205 4287 ω’

129 4374 194 4470 the,
206 4388 323 4476 thuns
340 4414 387 4463 ex
406 4389 527 4463 radice
540 4413 706 4487 capparis
709 4389 891 4474 ‘corticis
907 4386 1132 4485 singulorum

133 4507 198 4582 ln<-
213 4526 256 4576 ιν.
300 4502 468 4599 Satisque
491 4504 613 4575 omnia
642 4500 875 4575 abscedentia
899 4500 1032 4598 digerit
1058 4525 1136 4571 mu·

470 4748 595 4822 Capparis
607 4749 728 4822 spinosae
743 4750 772 4803 L.

604 4860 626 4908 P
