2858 5296
367 303 438 371 14:
762 321 796 368 s.
817 319 929 368 cons.
950 318 1056 368 csssr

362 495 451 569 lum.
504 493 541 568 Si
559 493 746 581 dolorest,
773 519 817 570 ea
843 494 919 593 ipsa
944 517 1027 593 pars
1049 493 1128 566 sine
1145 489 1203 566 ole

364 633 459 707 aqua
476 607 716 707 perungenda
732 620 787 682 est
803 637 814 698 ;
848 607 981 682 deinde
997 604 1202 680 involvenrl·

364 721 496 797 cienda
512 745 629 820 pruna
646 720 748 809 lenis,
768 734 806 794 et
823 719 986 819 sulphur,
1005 732 1117 818 atque
1135 721 1186 794 ita

362 835 553 933 gaudum:
579 834 692 934 idque
708 833 935 932 aliquamdiu
952 832 1175 921 faciendum,

364 973 450 1022 cum
480 949 575 1023 bene
595 947 674 1048 jam
703 948 928 1022 concoxerit
981 944 1199 1022 Cucurbitul

365 1085 473 1160 saepe
490 1061 627 1137 dolenti
645 1062 739 1160 parti
758 1059 1010 1135 admovendae
1033 1072 1128 1148 suut,
1147 1084 1198 1160 pu

363 1173 495 1250 leniter
512 1174 643 1249 inflatis
669 1175 797 1249 vesicis
826 1173 975 1248 bubulis
1003 1176 1032 1248 is
1062 1174 1198 1249 locus:

364 1300 422 1362 est
438 1290 547 1363 etiam
565 1312 693 1362 sevum
711 1290 864 1362 miscere
887 1312 973 1361 cum
999 1287 1197 1388 hyoscyam

364 1405 529 1478 contritis
546 1403 755 1491 seminibus,
783 1404 847 1491 sic,
875 1414 918 1477 ut
935 1404 1097 1477 omnium
1128 1426 1195 1502 par

363 1514 475 1615 idque
488 1517 701 1616 imponere:
729 1515 854 1591 fovere
866 1541 971 1615 aqna,
987 1517 1023 1588 in
1037 1541 1110 1615 qua
1123 1515 1196 1616 sulp

363 1640 443 1704 tum
462 1631 518 1704 sit
571 1629 730 1706 Utriculi
749 1655 896 1729 quoque
925 1644 1026 1705 recte
1055 1632 1195 1729 impom

363 1742 483 1818 calida
499 1745 639 1845 repleti,
667 1758 732 1819 aut
748 1745 939 1818 bitumenb
966 1767 1052 1817 cum
1078 1743 1195 1819 horda

363 1857 533 1933 mixtum.
585 1858 713 1958 Atque
730 1861 767 1931 in
796 1860 876 1955 ipso
900 1859 1127 1957 potissimum
1153 1856 1195 1932 dc

363 1968 452 2043 dum
469 1973 672 2069 gestatione
690 1970 897 2046 vehementi
915 1984 995 2046 est:
1024 1971 1124 2070 quod
1137 1972 1194 2045 in,

363 2085 432 2160 bus
448 2089 645 2185 pessimum
663 2099 730 2160 est.

412 2207 448 2273 8.
476 2197 632 2274 Tremor
648 2213 770 2274 autem
796 2223 991 2272 nervorum
1011 2224 1127 2298 aeque
1145 2223 1194 2275 vo

363 2314 612 2412 camentisque
642 2315 784 2387 urinam
815 2316 1047 2387 moventibus
1077 2315 1193 2389 interr(

361 2426 456 2499 mica
477 2426 584 2500 etiam
603 2425 714 2501 babet
730 2425 869 2514 balnea,
889 2451 1057 2525 assasque
1083 2427 1192 2503 sudat

360 2537 482 2612 benda
498 2564 593 2638 aqua
610 2552 689 2614 est:
717 2541 793 2613 acri
820 2539 1065 2613 ambulatione
1092 2553 1192 2615 utem

359 2653 606 2741 unctionibus,
624 2651 936 2751 motionibusque,
955 2654 1112 2727 maxime
1130 2678 1191 2751 per

359 2764 444 2862 pila,
463 2767 710 2866 similibusque
731 2768 932 2866 superiores
946 2779 1065 2863 partes
1084 2766 1191 2841 dimo*

360 2877 409 2950 bo
439 2879 602 2975 quolibet
631 2881 821 2966 utendum,
859 2878 1060 2952 dummodo
1086 2905 1191 2954 conc(

358 3014 432 3085 que
462 2992 675 3065 studeatur:
708 2992 912 3066 secundum
943 2993 1077 3081 cibum,
1111 2997 1189 3068 curi

359 3100 472 3188 dum}
502 3105 679 3176 rarissima
709 3130 841 3177 venere
872 3107 1051 3179 utendum
1079 3121 1142 3181 est.

358 3213 439 3308 quis
456 3213 494 3284 in
512 3238 591 3286 eam
610 3214 798 3313 prolapsus
817 3229 882 3302 est,
902 3231 981 3291 tum
1006 3221 1087 3293 oleo
1116 3220 1190 3294 leni

357 3326 395 3397 in
413 3323 549 3398 lectulo
567 3326 753 3424 perfricari
764 3329 931 3402 manibus
942 3335 1142 3429 puerilibus
1155 3360 1190 3433 p<

358 3438 531 3526 virilibus,
552 3438 673 3512 debet

408 3558 443 3624 4.
471 3551 756 3650 Suppurationes
774 3537 1022 3655 sutem‚‘quae
1048 3561 1084 3632 in
1112 3560 1189 3660 aliq

360 3677 463 3761 parte
480 3666 656 3752 oriuntur,
677 3666 738 3738 ubi
759 3682 864 3742 notae
884 3669 1028 3759 fuerint,
1057 3677 1189 3772 primur

358 3789 503 3873 oportet
520 3803 586 3877 per
598 3803 640 3851 ea
651 3780 917 3877 cataplasmata,
938 3811 1030 3882 quae
1045 3790 1189 3885 reprimr

371 4000 405 4066 's
423 3972 523 4029 Confer
540 3981 627 4030 totum
648 3976 721 4032 huuc
742 3980 830 4035 locum
849 4000 910 4036 oum
927 3984 1056 4041 Bsurous
1081 3988 1125 4041 On
1142 3988 1190 4042 Ill

356 4071 415 4108 sim

390 4137 494 4194 ¹’Picis
512 4148 634 4196 terrenae
654 4145 755 4215 species
778 4149 914 4218 qrmednm,
938 4152 1064 4207 chemicis
1100 4157 1190 4228 Arpha

357 4220 452 4276 Cheru.
462 4221 490 4276 ii.
505 4223 580 4297 386.)
598 4227 716 4299 geologr's
729 4239 757 4283 et
773 4230 943 4303 lithognostis
968 4238 1085 4309 Anglicis
1102 4246 1118 4271 “
1130 4245 1190 4295 miro

356 4303 461 4377 pellata,
480 4311 508 4360 et
525 4306 555 4360 in
575 4315 630 4361 tres
650 4312 809 4383 subspecies‚
828 4321 843 4345 “
856 4318 977 4387 cartlrp,'‘
999 4326 1016 4351 “
1028 4323 1139 4379 elastic''
1159 4333 1189 4381 et

356 4387 443 4442 duom
477 4388 607 4456 limos,
620 4391 731 4448 Manual
742 4397 774 4449 of
783 4397 958 4473 Minemlogy,
971 4421 996 4473 p.
1009 4409 1069 4458 300.
