2858 5296
285 877 704 956 LEONARDUS
741 875 976 954 TARGA

613 1156 661 1199 n>

411 1379 845 1464 LECTOREM.

114 1831 153 1931 Si
167 1883 236 1956 qua
251 1871 309 1933 est
325 1883 397 1945 ara,
419 1882 532 1957 quam
551 1857 724 1956 singulari
750 1858 872 1933 studio
896 1884 940 1935 ac
966 1861 1157 1961 diligentia

113 1982 231 2059 Graeci
248 1984 496 2072 excoluerint,
514 2009 558 2058 ea
576 1996 674 2059 certe
692 1983 883 2060 Medicina
901 1998 967 2074 est,
995 2013 1090 2086 quae
1116 1992 1155 2065 in

112 2105 249 2185 Oriente
275 2135 424 2184 summo
450 2134 593 2208 semper
618 2110 654 2182 iu
681 2109 818 2185 honore
845 2109 979 2199 habita,
1007 2137 1055 2186 ex
1069 2113 1158 2188 ¹Ae-

108 2251 221 2334 gypto,
242 2253 284 2311 ut
301 2250 449 2311 ceterae
469 2235 545 2310 fere
563 2259 699 2324 omnes,
718 2260 896 2309 unacum
923 2235 1158 2334 Philosophia

109 2361 144 2433 in
169 2362 364 2437 Graeciam
396 2362 577 2460 migravit.
630 2360 686 2434 Ea
714 2361 851 2458 quippe
878 2359 1039 2457 antiquis
1066 2373 1157 2440 tem·

111 2487 254 2582 poribus
278 2488 476 2586 sapientiae
500 2512 584 2586 pars
611 2484 824 2571 habebatur,
855 2485 1064 2584 etquidem
1091 2515 1157 2590 po-

112 2610 255 2696 tissima,
271 2625 396 2710 utpote
415 2636 508 2710 quae
527 2611 671 2709 corpori
688 2608 866 2696 medetur,
894 2635 1055 2710 quocum
1079 2619 1156 2691 ani-

108 2760 188 2808 mus
210 2739 285 2834 ipsc
310 2750 382 2810 tam
409 2750 509 2811 arcta
526 2738 697 2811 societate
716 2734 961 2835 conjungitur.
1015 2738 1092 2827 Qui
1116 2744 1155 2816 in

105 2889 145 2936 ea
157 2866 252 2938 inter
266 2878 405 2939 veteres
419 2863 667 2951 excelluerint,
683 2862 788 2936 multi
802 2861 1049 2939 celebrantur:
1066 2893 1154 2964 quo-

104 3016 180 3063 rum
199 2993 420 3089 praecipuus
450 2989 695 3087 Hippocrates
722 2989 833 3075 CouS,
862 3000 963 3062 tanta
990 2992 1043 3064 vir
1069 3018 1153 3068 auc·

104 3117 257 3198 somate,
285 3128 328 3189 ut
354 3114 583 3188 medicorum
600 3116 770 3212 princeps
796 3115 997 3188 etiamnum
1023 3115 1155 3193 habea-

104 3255 169 3314 tur.
224 3240 350 3338 Hujus
368 3251 489 3314 autem
518 3252 673 3313 sectator
698 3241 793 3312 inter
818 3237 969 3313 Latinos
997 3241 1045 3314 A.
1066 3244 1156 3318 Cor-

105 3367 215 3439 nehus
234 3366 376 3450 Celsus,
395 3390 468 3438 non
486 3367 516 3437 is
534 3364 681 3462 quidem
707 3365 855 3463 ingenio
873 3389 958 3438 cum
976 3365 1039 3440 illo
1056 3393 1155 3444 com-

105 3493 292 3589 parandus,
313 3491 377 3566 sed
395 3489 579 3565 scribendi
605 3503 681 3564 arte
700 3510 810 3588 atque
828 3488 1007 3588 elegantia
1025 3497 1154 3591 procul

104 3617 208 3692 dubio
226 3617 337 3717 longe
356 3616 530 3715 superior.
574 3614 681 3688 Nam
699 3615 918 3688 medicinam
936 3628 1050 3691 totam
1068 3634 1154 3695 octo

104 3741 194 3818 libris
220 3743 452 3844 complexus
479 3739 571 3814 adeo
601 3743 692 3816 scite
721 3743 758 3814 in
788 3766 869 3814 suas
895 3753 1014 3838 partes
1039 3742 1154 3818 distri-

103 3871 187 3961 buit,
220 3872 461 3969 dilucideque
487 3869 695 3968 explicavit,
725 3883 766 3947 ut
791 3868 880 3943 nihil
908 3867 1035 3967 amplis
1061 3870 1155 3945 desi-
