2858 5296
368 337 418 412 60
768 359 804 408 Α.
823 355 1059 408 σοιωιειιει

365 533 466 609 sibus
482 531 661 611 auxilium
677 533 734 622 eit,
764 556 811 609 eo
836 543 959 609 tamen
987 526 1167 605 difficilior

366 670 440 745 quo
457 645 578 721 minus
595 669 702 746 saepe
719 645 787 722 sub
804 645 860 722 his
870 642 974 721 malis
983 641 1037 717 illi
1046 642 1172 741 subseq

207 772 337 825 tantulo
366 782 480 836 coxae
497 783 585 834 vero
601 758 797 847 doloribus,
816 760 846 834 si
869 757 1065 834 vehemens
1081 769 1172 854 torp<

205 843 308 893 ‘mm
367 873 509 972 scitque
526 897 611 949 crus
628 883 666 948 et
682 897 801 965 coxa3
834 871 936 946 alvus
953 870 1020 944 nisi
1037 879 1166 945 coacta

366 987 478 1086 idque
496 985 596 1086 quod
612 988 832 1082 excernitur,
851 1007 1045 1063 mucosum
1061 993 1115 1056 est
1128 1010 1140 1073 ς
1151 979 1171 1081 j

368 1099 447 1200 ejus
476 1098 631 1173 hominis
660 1098 979 1198 quadragesimum
1006 1118 1143 1171 anuum

370 1211 518 1287 morbus
535 1212 605 1286 erit
620 1210 862 1309 longissimus,
881 1212 1172 1307 minimumquea

368 1350 439 1426 que
456 1323 551 1398 finiri
565 1326 711 1426 poterit,
731 1326 799 1400 nisi
816 1337 881 1400 aut
896 1348 992 1410 vere,
1011 1334 1076 1397 aut
1091 1332 1173 1397 autu

208 1456 341 1520 neptun.
366 1436 470 1512 ficilis
487 1461 604 1535 aeque
620 1439 761 1514 curatio
778 1453 843 1527 est,
857 1439 896 1512 in
915 1437 1043 1514 eadem
1059 1447 1173 1511 aetate

367 1573 491 1625 rorum
508 1549 613 1624 dolor
629 1552 687 1627 vel
704 1551 752 1626 ad
769 1576 898 1626 manus
915 1550 1092 1650 pervenit,
1110 1547 1169 1623 vel

369 1661 500 1749 tendit,
517 1676 775 1764 torporemque
800 1678 839 1739 et
864 1664 1027 1739 dolorem
1054 1673 1165 1747 creat.

210 1794 340 1861 rnuyuc
369 1775 511 1850 vomitu
542 1775 693 1852 levatur.
747 1777 979 1875 Quacunque
1013 1798 1100 1849 vero
1128 1797 1173 1872 pa

371 1888 575 1964 membrum
592 1890 740 1989 aliquod
752 1890 952 1965 resolutum
969 1889 1079 1975 estsi
1095 1911 1174 1986 neqr

369 2014 409 2077 et
425 2002 648 2091 emacrescit,
667 2005 706 2076 iu
724 2005 915 2102 pristinum
930 2001 1094 2076 habitum
1111 2022 1174 2074 not

369 2139 487 2213 eoque
506 2115 635 2202 minus,
655 2140 729 2213 quo
758 2118 936 2192 vetustius
958 2115 997 2189 id
1026 2114 1155 2188 vitium

372 2229 486 2325 magis
503 2226 541 2300 in
559 2251 712 2327 corpore
742 2227 847 2304 senili
875 2239 941 2305 est.
993 2225 1175 2325 Omnique

369 2362 566 2414 nervorum
583 2340 630 2415 ad
649 2340 867 2416 medicinam
887 2366 962 2415 non
991 2340 1123 2414 idonea
1151 2350 1175 2414 tr

371 2452 487 2527 hiems
503 2465 542 2528 et
558 2466 777 2529 autumnus:
805 2453 945 2555 aliquid
971 2454 1106 2554 sperari
1134 2474 1175 2551 pt

371 2579 519 2642 aestate.
572 2566 683 2668 Isque
700 2570 848 2644 morbus
859 2568 1176 2644 mediocrisvixsa

374 2705 477 2756 mens
494 2683 611 2756 sanari
627 2707 701 2758 non
718 2695 849 2783 potest.
901 2682 1032 2759 Omnis
1050 2682 1159 2754 etiam

374 2794 579 2869 medicinae
612 2809 725 2894 patet,
759 2798 824 2897 qui
857 2818 997 2870 sursum
1025 2791 1177 2892 procedi

373 2905 545 3003 gravidae
562 2909 592 2980 si
608 2910 729 2984 subito
740 2933 917 2983 mammae
929 2918 1176 2990 emacuerunt,

374 3016 531 3091 riculum
549 3031 614 3092 est.
668 3021 774 3107 Quae
792 3045 911 3119 neque
939 3021 1091 3118 peperit,
1123 3041 1178 3092 nes

375 3141 441 3215 est,
460 3129 490 3201 si
506 3126 563 3203 lac
580 3129 701 3218 habet,
721 3157 742 3205 a
759 3133 950 3206 menstruis
961 3130 1105 3206 defecta
1116 3141 1178 3205 est

375 3240 593 3315 autumnalis
610 3240 686 3317 fere
699 3243 808 3341 longa
824 3256 878 3316 est
892 3273 903 3334 3
933 3246 1175 3343 maximeque,

375 3350 495 3427 hieme
512 3355 836 3453 appropinquante.
873 3354 910 3428 Si
924 3359 1070 3454 sanguis
1086 3353 1177 3455 profl

376 3480 502 3542 secuta
518 3480 573 3541 est
590 3466 774 3542 dementia
789 3491 874 3541 curn
893 3467 1110 3544 distentione
1128 3491 1180 3542 ner

374 3581 530 3655 riculum
548 3582 673 3655 mortis
690 3593 765 3656 est:
793 3582 966 3680 itemque,
993 3584 1023 3654 si
1049 3580 1181 3656 medica

373 3707 512 3791 gutum,
538 3706 577 3770 et
605 3693 725 3767 adhuc
754 3695 911 3782 inanem,
943 3718 1137 3768 nervorum
1163 3692 1182 3766 d

375 3809 528 3902 pressit;
554 3820 620 3881 aut
644 3806 673 3879 si
698 3806 735 3878 in
766 3831 900 3905 magno
929 3806 1065 3893 dolore,
1093 3817 1183 3880 extr«

217 3943 356 4007 nspnyxa.
375 3916 520 4016 frigent.
571 3919 706 4017 Neque
723 3920 753 3993 is
770 3920 818 3993 ad
843 3921 952 3995 vitam
980 3920 1085 4007 redit,
1112 3920 1176 4019 qui

376 4028 448 4116 dio,
466 4045 657 4129 spumante
675 4057 749 4119 ore,
766 4032 949 4107 detractus
963 4047 1028 4107 est.
1080 4032 1184 4106 Alvu

375 4143 480 4240 guini
497 4155 574 4217 atro
592 4142 729 4232 similis,
759 4148 958 4245 repentina,
988 4147 1063 4220 sive
1089 4170 1175 4220 cum

377 4255 487 4329 etiam
505 4256 583 4329 sine
600 4256 669 4331 hac
686 4271 752 4345 est,
772 4260 972 4358 perniciosa
989 4272 1053 4333 est.

410 4409 423 4436 ⁸
446 4403 527 4543 “fil
544 4405 662 4479 quisquis
680 4407 757 4463 dolor
785 4407 907 4465 deorsum
931 4408 1025 4474 tendit,
1054 4407 1188 4464 sanabilior

376 4507 400 4561 p.
413 4495 455 4544 55.
532 4529 538 4543 .
