2858 5296
307 346 381 415 120
693 366 729 416 A.
748 361 860 415 conu.
880 360 987 416 cunm

304 560 461 613 vacuum
491 551 567 615 est:
604 563 668 615 eos
695 563 794 627 vero,
826 538 890 638 qui
918 534 1111 612 violentius
1139 559 1180 611 se
1207 576 1211 630 t

304 651 442 728 vincire
475 654 658 742 convenit,
694 677 742 728 ne
774 650 833 727 vel
866 649 934 726 sibi
966 648 1025 724 vel
1054 649 1159 723 alteri
1186 672 1210 725 n

303 761 436 863 Neque
453 765 679 841 credendum
703 780 769 853 est,
796 766 826 837 si
854 766 1000 838 vinctus
1027 759 1168 860 aliquis,
1199 787 1209 836 r

302 879 379 950 vari
405 879 559 953 vinculis
586 880 700 977 cupit,
733 877 897 977 quamvis
925 874 1125 976 prudenter
1149 886 1188 949 et

302 989 424 1065 biliter
447 989 634 1090 loquitur;
667 993 839 1089 quoniam
867 990 899 1062 is
924 986 1038 1062 dolus·
1054 988 1206 1061 insaniet

303 1100 394 1178 Fere
428 1127 516 1178 vero
548 1104 689 1202 antiqui
721 1102 811 1178 tales
838 1101 1031 1202 aegrosin
1060 1099 1205 1174 tenebris

300 1214 416 1304 bant;
441 1240 488 1291 eo
504 1216 605 1315 quod
629 1214 698 1289 illis
724 1217 945 1289 contrarium
970 1224 1075 1299 esset,
1104 1225 1204 1286 exter

300 1326 349 1400 ad
373 1329 532 1427 quietem
560 1329 671 1402 animi
700 1328 868 1403 tenebras
897 1329 992 1426 ipsas
1021 1323 1188 1399 conferre

294 1437 522 1538 judicabant.
574 1440 630 1514 At
646 1439 896 1538 Asclepiades,
927 1454 1100 1537 tanquam
1126 1451 1202 1510 tent

301 1552 349 1633 sis
366 1553 596 1641 terrentibus,
615 1556 653 1626 in
670 1553 807 1628 lumine
821 1552 1008 1626 habendos
1021 1575 1082 1627 eos
1096 1549 1201 1625 dixit.

296 1675 394 1738 trum
411 1678 534 1742 autem
551 1680 770 1767 perpetuum
789 1681 868 1742 est:
900 1664 1012 1739 alium
1030 1665 1128 1737 enim
1146 1661 1201 1737 lm

295 1779 468 1855 tenebrae
485 1782 601 1879 magis
622 1782 796 1872 turbant,
823 1780 1137 1878 reperiunturque,
1163 1778 1200 1850 in

297 1889 440 1966 nullum
458 1893 651 1968 discrimen
666 1892 902 1991 deprehendi,
923 1889 1074 1976 velboc,
1094 1887 1199 1963 velill

296 2007 421 2104 possit.
474 2005 668 2106 Optimum
698 2009 820 2105 itaque
847 2021 914 2093 est,
946 2016 1142 2101 utrumque
1166 2027 1198 2078 er

297 2129 337 2192 et
352 2117 486 2194 babere
503 2144 599 2208 eum,
626 2122 689 2218 qui
708 2121 874 2194 tenebras
891 2119 1025 2205 horret,
1052 2118 1089 2190 in
1115 2116 1197 2192 luoe

297 2233 360 2330 qui
377 2230 512 2321 lucem,
540 2235 579 2306 in
596 2235 769 2308 tenebris.
824 2231 878 2307 At
895 2233 959 2305 ubi
976 2229 1119 2304 nullum
1136 2227 1196 2305 tab

297 2369 381 2419 men
400 2359 466 2434 est,
487 2371 606 2446 aeger,
630 2348 659 2421 si
678 2347 770 2420 vires
794 2345 915 2433 babet,
943 2345 1025 2418 loco
1049 2341 1195 2435 lucido,

296 2457 418 2548 habet,
453 2461 609 2536 obscuro
643 2459 885 2535 continendus
919 2471 984 2532 est.
1049 2455 1194 2531 Remed

295 2570 478 2662 adhibere,
497 2575 562 2648 ubi
575 2576 731 2648 maxime
741 2571 842 2647 furor
854 2586 971 2670 urget,
986 2594 1194 2668 supervacui

294 2686 402 2760 simul
432 2689 529 2761 enim
558 2687 669 2763 febris
697 2711 843 2786 quoque
872 2686 1052 2760 increscit.
1109 2683 1192 2782 Itaq

294 2799 385 2872 nihil
401 2803 471 2874 nisi
489 2801 732 2876 continendus
757 2824 866 2897 aeger
890 2811 967 2872 est:
930 2798 1059 2872 tubi
1081 2821 1192 2871 veror

134 2920 364 2998 attemptentur,
408 2913 622 2989 festinanter
656 2912 944 2988 subveniendum
979 2923 1045 2985 est.
1108 2901 1191 2984 Asci

131 3001 237 3103 ‘deff
167 2991 237 3038 Μαι
292 3024 539 3120 perindeesse
558 3026 661 3112 dixit,
681 3026 736 3098 his
754 3026 967 3122 sanguinem
986 3025 1091 3110 mitti,
1119 3047 1191 3096 ac

292 3135 448 3231 deutur3
474 3141 651 3212 rationem
669 3138 762 3212 banc
781 3152 938 3224 secutus,
958 3136 1058 3236 quod
1071 3161 1190 3264 peque

292 3262 397 3337 esset,
416 3251 484 3324 nisr
475 3249 629 3324 febre
620 3264 784 3340 intenta,
812 3275 931 3350 neque
957 3251 1113 3349 sanguis,
1141 3251 1189 3323 nis

293 3364 462 3436 missione
476 3363 564 3464 ejus,
578 3380 677 3438 recte
691 3365 904 3437 mitteretur.
957 3364 1029 3437 Sed
1042 3364 1169 3461 ipsein
1183 3363 1189 3435 i

293 3501 382 3552 num
400 3479 516 3554 muita
539 3479 707 3554 frictione
733 3480 909 3576 quaesivit
924 3509 935 3569 ;
964 3504 1049 3553 cum
1067 3490 1105 3552 et
1121 3480 1188 3553 int<

291 3588 365 3666 bris
383 3617 550 3667 somnum
568 3592 752 3692 impediat,
780 3604 817 3665 et
834 3590 955 3665 frictio
980 3616 1054 3665 non
1080 3593 1148 3664 nisi
1165 3592 1188 3665 ir

290 3703 391 3779 sione
408 3706 486 3806 ejus
503 3705 600 3781 utilis
625 3708 682 3780 sit.
734 3705 864 3803 Itaque
891 3704 961 3779 boe
990 3729 1136 3803 quoque
1165 3730 1187 3778 a

291 3813 419 3891 debuit
452 3821 657 3917 praeterire.
721 3818 822 3905 Quid
857 3819 968 3916 igitur
1002 3825 1083 3891 est?
1147 3816 1188 3890 M

287 3931 478 4028 praecipiti
495 3931 659 4031 periculo
675 3947 775 4005 recte
792 3931 896 4018 fiunt,
923 3930 1009 4004 alias
1027 3932 1187 4005 omittem

288 4044 463 4117 continua
481 4070 628 4144 quoque
646 4044 755 4118 febris
773 4044 883 4119 habet
900 4060 1073 4143 tempora,
1102 4045 1187 4142 quib

286 4177 360 4228 non
379 4158 540 4244 remittit,
559 4170 772 4231 nontamen
791 4159 941 4243 crescit;
967 4171 1094 4256 estque
1106 4157 1187 4244 boc,

286 4270 476 4364 optimum,
513 4272 564 4345 sic
592 4284 712 4345 tamen
748 4271 950 4345 secundum
985 4271 1153 4346 remediis
1182 4296 1186 4341 r

287 4381 398 4471 Quod
417 4385 445 4457 si
464 4385 555 4458 vires
573 4385 672 4481 aegri
691 4385 888 4482 patiuntur,
915 4387 1060 4483 sanguis
1079 4411 1186 4484 quoq}
