<?xml version="1.0" encoding="UTF-8"?>
<!DOCTYPE html PUBLIC "-//W3C//DTD XHTML 1.0 Transitional//EN"
    "http://www.w3.org/TR/xhtml1/DTD/xhtml1-transitional.dtd">
<html xmlns="http://www.w3.org/1999/xhtml" xml:lang="en" lang="en">
 <head>
  <title>
</title>
<meta http-equiv="Content-Type" content="text/html;charset=utf-8" />
  <meta name='ocr-system' content='tesseract 3.04.00' />
  <meta name='ocr-capabilities' content='ocr_page ocr_carea ocr_par ocr_line ocrx_word'/>
</head>
<body>
  <div class='ocr_page' id='page_1' title='image "acorncelsimedic00targgoog_0126.png"; bbox 0 0 2858 5296; ppageno 0'>
   <div class='ocr_carea' id='block_1_1' title="bbox 451 722 1163 793">
    <p class='ocr_par' dir='ltr' id='par_1_1' title="bbox 451 722 1163 793">
     <span class='ocr_line' id='line_1_1' title="bbox 451 722 1163 793; baseline 0.011 -10"><span class='ocrx_word' id='word_1_1' title='bbox 451 732 668 785; x_wconf 70' lang='lat' dir='ltr'><strong>maureium</strong></span> <span class='ocrx_word' id='word_1_2' title='bbox 685 735 761 784; x_wconf 78' lang='lat' dir='ltr'><strong>aru.</strong></span> <span class='ocrx_word' id='word_1_3' title='bbox 779 735 835 785; x_wconf 86' lang='lat' dir='ltr'><strong>nr.</strong></span> <span class='ocrx_word' id='word_1_4' title='bbox 1091 722 1163 793; x_wconf 83' lang='lat'><strong>105</strong></span> 
     </span>
    </p>
   </div>
   <div class='ocr_carea' id='block_1_2' title="bbox 107 907 1300 4671">
    <p class='ocr_par' dir='ltr' id='par_1_2' title="bbox 107 907 1300 3367">
     <span class='ocr_line' id='line_1_2' title="bbox 107 907 1161 1011; baseline 0.009 -28"><span class='ocrx_word' id='word_1_5' title='bbox 107 940 110 947; x_wconf 96' lang='lat'>·</span> <span class='ocrx_word' id='word_1_6' title='bbox 143 918 285 983; x_wconf 78' lang='lat' dir='ltr'><strong>mutatus</strong></span> <span class='ocrx_word' id='word_1_7' title='bbox 300 909 422 1001; x_wconf 76' lang='lat' dir='ltr'><strong>est3si</strong></span> <span class='ocrx_word' id='word_1_8' title='bbox 444 907 550 983; x_wconf 89' lang='lat' dir='ltr'><strong>oculi</strong></span> <span class='ocrx_word' id='word_1_9' title='bbox 574 935 716 1008; x_wconf 82' lang='lat' dir='ltr'><strong>graves,</strong></span> <span class='ocrx_word' id='word_1_10' title='bbox 746 923 785 986; x_wconf 83' lang='lat' dir='ltr'><strong>et</strong></span> <span class='ocrx_word' id='word_1_11' title='bbox 810 924 876 986; x_wconf 86' lang='lat' dir='ltr'><strong>aut</strong></span> <span class='ocrx_word' id='word_1_12' title='bbox 903 916 1066 1011; x_wconf 82' lang='lat' dir='ltr'><strong>persicci,</strong></span> <span class='ocrx_word' id='word_1_13' title='bbox 1095 929 1161 992; x_wconf 88' lang='lat' dir='ltr'><strong>aut</strong></span> 
     </span>
     <span class='ocr_line' id='line_1_3' title="bbox 145 1022 1155 1125; baseline 0.008 -28"><span class='ocrx_word' id='word_1_14' title='bbox 145 1022 321 1097; x_wconf 77' lang='lat' dir='ltr'><strong>nrbburnidi</strong></span> <span class='ocrx_word' id='word_1_15' title='bbox 332 1035 433 1116; x_wconf 75' lang='lat' dir='ltr'><strong>mt3</strong></span> <span class='ocrx_word' id='word_1_16' title='bbox 463 1023 637 1113; x_wconf 85' lang='lat' dir='ltr'><strong>sisudor,</strong></span> <span class='ocrx_word' id='word_1_17' title='bbox 664 1049 753 1098; x_wconf 89' lang='lat' dir='ltr'><strong>cum</strong></span> <span class='ocrx_word' id='word_1_18' title='bbox 770 1025 822 1113; x_wconf 83' lang='lat' dir='ltr'><strong>fit,</strong></span> <span class='ocrx_word' id='word_1_19' title='bbox 850 1027 1155 1125; x_wconf 65' lang='lat' dir='ltr'><strong>inaequalisests</strong></span> 
     </span>
     <span class='ocr_line' id='line_1_4' title="bbox 146 1135 1154 1241; baseline 0.012 -34"><span class='ocrx_word' id='word_1_20' title='bbox 146 1135 487 1237; x_wconf 65' lang='lat' dir='ltr'><strong>dammaequis</strong></span> <span class='ocrx_word' id='word_1_21' title='bbox 499 1136 701 1212; x_wconf 86' lang='lat' dir='ltr'><strong>intervallis</strong></span> <span class='ocrx_word' id='word_1_22' title='bbox 716 1150 923 1214; x_wconf 86' lang='lat' dir='ltr'><strong>moventur.</strong></span> <span class='ocrx_word' id='word_1_23' title='bbox 968 1138 1030 1215; x_wconf 93' lang='lat' dir='ltr'><strong>Ob</strong></span> <span class='ocrx_word' id='word_1_24' title='bbox 1044 1168 1154 1241; x_wconf 82' lang='lat' dir='ltr'><strong>quam</strong></span> 
     </span>
     <span class='ocr_line' id='line_1_5' title="bbox 149 1250 1155 1354; baseline 0.009 -31"><span class='ocrx_word' id='word_1_25' title='bbox 149 1250 422 1325; x_wconf 69' lang='lat' dir='ltr'><strong>mummedicus</strong></span> <span class='ocrx_word' id='word_1_26' title='bbox 446 1273 574 1349; x_wconf 86' lang='lat' dir='ltr'><strong>neque</strong></span> <span class='ocrx_word' id='word_1_27' title='bbox 599 1252 638 1324; x_wconf 90' lang='lat' dir='ltr'><strong>in</strong></span> <span class='ocrx_word' id='word_1_28' title='bbox 662 1252 832 1338; x_wconf 88' lang='lat' dir='ltr'><strong>tenebris,</strong></span> <span class='ocrx_word' id='word_1_29' title='bbox 859 1277 980 1351; x_wconf 89' lang='lat' dir='ltr'><strong>neque</strong></span> <span class='ocrx_word' id='word_1_30' title='bbox 997 1277 1020 1326; x_wconf 86' lang='lat' dir='ltr'><strong>a</strong></span> <span class='ocrx_word' id='word_1_31' title='bbox 1037 1259 1155 1354; x_wconf 86' lang='lat' dir='ltr'><strong>capite</strong></span> 
     </span>
     <span class='ocr_line' id='line_1_6' title="bbox 148 1360 1153 1459; baseline 0.001 -20"><span class='ocrx_word' id='word_1_32' title='bbox 148 1362 219 1459; x_wconf 61' lang='lat' dir='ltr'><strong>regri</strong></span> <span class='ocrx_word' id='word_1_33' title='bbox 229 1360 525 1455; x_wconf 60' lang='lat' dir='ltr'><strong>&amp;betreaidere3</strong></span> <span class='ocrx_word' id='word_1_34' title='bbox 544 1362 608 1438; x_wconf 90' lang='lat' dir='ltr'><strong>sed</strong></span> <span class='ocrx_word' id='word_1_35' title='bbox 627 1362 756 1439; x_wconf 85' lang='lat' dir='ltr'>illustri</span> <span class='ocrx_word' id='word_1_36' title='bbox 773 1364 855 1439; x_wconf 91' lang='lat' dir='ltr'><strong>loco</strong></span> <span class='ocrx_word' id='word_1_37' title='bbox 871 1364 1045 1439; x_wconf 83' lang='lat' dir='ltr'><strong>adversus</strong></span> <span class='ocrx_word' id='word_1_38' title='bbox 1057 1391 1153 1456; x_wconf 89' lang='lat' dir='ltr'><strong>eum,</strong></span> 
     </span>
     <span class='ocr_line' id='line_1_7' title="bbox 148 1477 1157 1580; baseline 0.006 -33"><span class='ocrx_word' id='word_1_39' title='bbox 148 1484 275 1551; x_wconf 69' lang='lat' dir='ltr'><strong>ulmae</strong></span> <span class='ocrx_word' id='word_1_40' title='bbox 295 1490 418 1563; x_wconf 84' lang='lat' dir='ltr'><strong>notas,</strong></span> <span class='ocrx_word' id='word_1_41' title='bbox 448 1501 500 1550; x_wconf 86' lang='lat' dir='ltr'><strong>ex</strong></span> <span class='ocrx_word' id='word_1_42' title='bbox 526 1477 633 1551; x_wconf 87' lang='lat' dir='ltr'><strong>vultu</strong></span> <span class='ocrx_word' id='word_1_43' title='bbox 658 1502 802 1575; x_wconf 88' lang='lat' dir='ltr'><strong>quoque</strong></span> <span class='ocrx_word' id='word_1_44' title='bbox 827 1478 995 1553; x_wconf 86' lang='lat' dir='ltr'><strong>cubantis</strong></span> <span class='ocrx_word' id='word_1_45' title='bbox 1019 1482 1157 1580; x_wconf 82' lang='lat' dir='ltr'><strong>perspi-</strong></span> 
     </span>
     <span class='ocr_line' id='line_1_8' title="bbox 145 1585 1157 1691; baseline 0.006 -30"><span class='ocrx_word' id='word_1_46' title='bbox 145 1585 212 1661; x_wconf 57' lang='grc' dir='ltr'><strong>εἴη·</strong></span> <span class='ocrx_word' id='word_1_47' title='bbox 247 1588 314 1665; x_wconf 90' lang='lat' dir='ltr'><strong>Ubi</strong></span> <span class='ocrx_word' id='word_1_48' title='bbox 332 1614 429 1664; x_wconf 87' lang='lat' dir='ltr'><strong>vero</strong></span> <span class='ocrx_word' id='word_1_49' title='bbox 445 1586 565 1663; x_wconf 85' lang='lat' dir='ltr'><strong>febris</strong></span> <span class='ocrx_word' id='word_1_50' title='bbox 581 1587 662 1675; x_wconf 80' lang='lat' dir='ltr'><strong>fuit,</strong></span> <span class='ocrx_word' id='word_1_51' title='bbox 688 1601 796 1688; x_wconf 86' lang='lat' dir='ltr'><strong>atque</strong></span> <span class='ocrx_word' id='word_1_52' title='bbox 814 1590 988 1677; x_wconf 89' lang='lat' dir='ltr'><strong>decrevit,</strong></span> <span class='ocrx_word' id='word_1_53' title='bbox 1005 1616 1157 1691; x_wconf 88' lang='lat' dir='ltr'><strong>exspec-</strong></span> 
     </span>
     <span class='ocr_line' id='line_1_9' title="bbox 142 1706 1167 1802; baseline 0.007 -29"><span class='ocrx_word' id='word_1_54' title='bbox 142 1708 334 1801; x_wconf 75' lang='lat' dir='ltr'><strong>ueoportet,</strong></span> <span class='ocrx_word' id='word_1_55' title='bbox 361 1727 461 1777; x_wconf 89' lang='lat' dir='ltr'><strong>num</strong></span> <span class='ocrx_word' id='word_1_56' title='bbox 480 1715 660 1800; x_wconf 89' lang='lat' dir='ltr'><strong>tempora,</strong></span> <span class='ocrx_word' id='word_1_57' title='bbox 688 1715 850 1801; x_wconf 82' lang='lat' dir='ltr'><strong>partesve</strong></span> <span class='ocrx_word' id='word_1_58' title='bbox 875 1706 1037 1802; x_wconf 91' lang='lat' dir='ltr'><strong>corporis</strong></span> <span class='ocrx_word' id='word_1_59' title='bbox 1061 1706 1167 1781; x_wconf 85' lang='lat' dir='ltr'><strong>aliae·</strong></span> 
     </span>
     <span class='ocr_line' id='line_1_10' title="bbox 139 1810 1251 1912; baseline 0.006 -26"><span class='ocrx_word' id='word_1_60' title='bbox 139 1810 237 1906; x_wconf 78' lang='lat' dir='ltr'><strong>prlun</strong></span> <span class='ocrx_word' id='word_1_61' title='bbox 258 1814 498 1901; x_wconf 80' lang='lat' dir='ltr'><strong>madescant,</strong></span> <span class='ocrx_word' id='word_1_62' title='bbox 531 1839 625 1912; x_wconf 86' lang='lat' dir='ltr'><strong>quae</strong></span> <span class='ocrx_word' id='word_1_63' title='bbox 654 1814 821 1890; x_wconf 90' lang='lat' dir='ltr'><strong>sudorem</strong></span> <span class='ocrx_word' id='word_1_64' title='bbox 847 1829 1044 1891; x_wconf 90' lang='lat' dir='ltr'><strong>venturum</strong></span> <span class='ocrx_word' id='word_1_65' title='bbox 1070 1842 1150 1892; x_wconf 86' lang='lat' dir='ltr'><strong>esse</strong></span> <span class='ocrx_word' id='word_1_66' title='bbox 1161 1841 1251 1896; x_wconf 70' lang='lat' dir='ltr'><strong>saror.</strong></span> 
     </span>
     <span class='ocr_line' id='line_1_11' title="bbox 138 1929 1151 2030; baseline 0.007 -31"><span class='ocrx_word' id='word_1_67' title='bbox 138 1932 284 2001; x_wconf 69' lang='lat' dir='ltr'><strong>uenum:</strong></span> <span class='ocrx_word' id='word_1_68' title='bbox 300 1954 345 2003; x_wconf 84' lang='lat' dir='ltr'><strong>ae</strong></span> <span class='ocrx_word' id='word_1_69' title='bbox 358 1931 392 2001; x_wconf 86' lang='lat' dir='ltr'><strong>si</strong></span> <span class='ocrx_word' id='word_1_70' title='bbox 410 1953 493 2027; x_wconf 91' lang='lat' dir='ltr'><strong>qua</strong></span> <span class='ocrx_word' id='word_1_71' title='bbox 505 1940 593 2001; x_wconf 88' lang='lat' dir='ltr'><strong>nota</strong></span> <span class='ocrx_word' id='word_1_72' title='bbox 604 1940 670 2013; x_wconf 89' lang='lat' dir='ltr'><strong>est,</strong></span> <span class='ocrx_word' id='word_1_73' title='bbox 685 1941 772 2002; x_wconf 89' lang='lat' dir='ltr'><strong>tunc</strong></span> <span class='ocrx_word' id='word_1_74' title='bbox 786 1929 932 2003; x_wconf 88' lang='lat' dir='ltr'><strong>demum</strong></span> <span class='ocrx_word' id='word_1_75' title='bbox 947 1929 1032 2005; x_wconf 90' lang='lat' dir='ltr'><strong>dare</strong></span> <span class='ocrx_word' id='word_1_76' title='bbox 1045 1932 1151 2030; x_wconf 90' lang='lat' dir='ltr'><strong>potui</strong></span> 
     </span>
     <span class='ocr_line' id='line_1_12' title="bbox 138 2034 1152 2139; baseline 0.009 -30"><span class='ocrx_word' id='word_1_77' title='bbox 138 2034 244 2113; x_wconf 79' lang='lat' dir='ltr'><strong>oldam</strong></span> <span class='ocrx_word' id='word_1_78' title='bbox 261 2066 424 2139; x_wconf 82' lang='lat' dir='ltr'><strong>aquam3</strong></span> <span class='ocrx_word' id='word_1_79' title='bbox 453 2040 565 2139; x_wconf 86' lang='lat' dir='ltr'><strong>cujus</strong></span> <span class='ocrx_word' id='word_1_80' title='bbox 592 2041 743 2115; x_wconf 86' lang='lat' dir='ltr'><strong>salubris</strong></span> <span class='ocrx_word' id='word_1_81' title='bbox 769 2041 920 2116; x_wconf 84' lang='lat' dir='ltr'><strong>effectus</strong></span> <span class='ocrx_word' id='word_1_82' title='bbox 945 2056 1011 2130; x_wconf 85' lang='lat' dir='ltr'><strong>est,</strong></span> <span class='ocrx_word' id='word_1_83' title='bbox 1038 2046 1068 2117; x_wconf 87' lang='lat' dir='ltr'><strong>si</strong></span> <span class='ocrx_word' id='word_1_84' title='bbox 1094 2069 1152 2119; x_wconf 92' lang='lat' dir='ltr'><strong>su·</strong></span> 
     </span>
     <span class='ocr_line' id='line_1_13' title="bbox 139 2144 1153 2254; baseline 0.007 -30"><span class='ocrx_word' id='word_1_85' title='bbox 139 2144 301 2251; x_wconf 82' lang='lat' dir='ltr'><strong>luemper</strong></span> <span class='ocrx_word' id='word_1_86' title='bbox 316 2156 442 2228; x_wconf 85' lang='lat' dir='ltr'><strong>omnia</strong></span> <span class='ocrx_word' id='word_1_87' title='bbox 460 2154 627 2227; x_wconf 90' lang='lat' dir='ltr'><strong>membra</strong></span> <span class='ocrx_word' id='word_1_88' title='bbox 648 2152 830 2228; x_wconf 86' lang='lat' dir='ltr'><strong>diffundit.</strong></span> <span class='ocrx_word' id='word_1_89' title='bbox 883 2154 1008 2254; x_wconf 86' lang='lat' dir='ltr'><strong>Hujus</strong></span> <span class='ocrx_word' id='word_1_90' title='bbox 1030 2168 1153 2231; x_wconf 88' lang='lat' dir='ltr'><strong>autem</strong></span> 
     </span>
     <span class='ocr_line' id='line_1_14' title="bbox 140 2263 1154 2366; baseline 0.01 -31"><span class='ocrx_word' id='word_1_91' title='bbox 140 2263 299 2353; x_wconf 65' lang='lat' dir='ltr'><strong>isicium,</strong></span> <span class='ocrx_word' id='word_1_92' title='bbox 331 2269 525 2343; x_wconf 87' lang='lat' dir='ltr'><strong>continere</strong></span> <span class='ocrx_word' id='word_1_93' title='bbox 558 2292 668 2366; x_wconf 83' lang='lat' dir='ltr'><strong>aeger</strong></span> <span class='ocrx_word' id='word_1_94' title='bbox 701 2269 769 2342; x_wconf 86' lang='lat' dir='ltr'><strong>sub</strong></span> <span class='ocrx_word' id='word_1_95' title='bbox 797 2279 897 2342; x_wconf 88' lang='lat' dir='ltr'><strong>veste</strong></span> <span class='ocrx_word' id='word_1_96' title='bbox 926 2270 1010 2342; x_wconf 88' lang='lat' dir='ltr'><strong>satis</strong></span> <span class='ocrx_word' id='word_1_97' title='bbox 1040 2269 1154 2345; x_wconf 89' lang='lat' dir='ltr'><strong>multa</strong></span> 
     </span>
     <span class='ocr_line' id='line_1_15' title="bbox 139 2378 1153 2482; baseline 0.01 -35"><span class='ocrx_word' id='word_1_98' title='bbox 139 2393 232 2451; x_wconf 82' lang='lat' dir='ltr'><strong>mnus</strong></span> <span class='ocrx_word' id='word_1_99' title='bbox 246 2378 370 2471; x_wconf 81' lang='lat' dir='ltr'><strong>debet3</strong></span> <span class='ocrx_word' id='word_1_100' title='bbox 389 2379 602 2477; x_wconf 85' lang='lat' dir='ltr'><strong>eademque</strong></span> <span class='ocrx_word' id='word_1_101' title='bbox 616 2405 721 2454; x_wconf 84' lang='lat' dir='ltr'><strong>crura</strong></span> <span class='ocrx_word' id='word_1_102' title='bbox 733 2380 918 2480; x_wconf 86' lang='lat' dir='ltr'><strong>pedesque</strong></span> <span class='ocrx_word' id='word_1_103' title='bbox 936 2393 1153 2482; x_wconf 86' lang='lat' dir='ltr'><strong>contegere:</strong></span> 
     </span>
     <span class='ocr_line' id='line_1_16' title="bbox 139 2490 1154 2595; baseline 0.008 -32"><span class='ocrx_word' id='word_1_104' title='bbox 139 2490 280 2583; x_wconf 75' lang='lat' dir='ltr'><strong>manle</strong></span> <span class='ocrx_word' id='word_1_105' title='bbox 294 2491 466 2592; x_wconf 86' lang='lat' dir='ltr'><strong>plerique</strong></span> <span class='ocrx_word' id='word_1_106' title='bbox 483 2495 667 2590; x_wconf 81' lang='lat' dir='ltr'><strong>aegrosin</strong></span> <span class='ocrx_word' id='word_1_107' title='bbox 685 2495 762 2592; x_wconf 90' lang='lat' dir='ltr'><strong>ipso</strong></span> <span class='ocrx_word' id='word_1_108' title='bbox 779 2494 889 2569; x_wconf 85' lang='lat' dir='ltr'><strong>febris</strong></span> <span class='ocrx_word' id='word_1_109' title='bbox 913 2496 1064 2594; x_wconf 91' lang='lat' dir='ltr'><strong>impetu,</strong></span> <span class='ocrx_word' id='word_1_110' title='bbox 1090 2521 1154 2595; x_wconf 94' lang='lat' dir='ltr'><strong>po-</strong></span> 
     </span>
     <span class='ocr_line' id='line_1_17' title="bbox 136 2600 1154 2704; baseline 0.006 -27"><span class='ocrx_word' id='word_1_111' title='bbox 136 2600 382 2704; x_wconf 72' lang='lat' dir='ltr'><strong>l&#39;ss‘mequeubi</strong></span> <span class='ocrx_word' id='word_1_112' title='bbox 401 2605 537 2679; x_wconf 88' lang='lat' dir='ltr'><strong>ardens</strong></span> <span class='ocrx_word' id='word_1_113' title='bbox 562 2631 606 2679; x_wconf 89' lang='lat' dir='ltr'><strong>ea</strong></span> <span class='ocrx_word' id='word_1_114' title='bbox 631 2620 695 2693; x_wconf 87' lang='lat' dir='ltr'><strong>est,</strong></span> <span class='ocrx_word' id='word_1_115' title='bbox 723 2607 816 2681; x_wconf 89' lang='lat' dir='ltr'><strong>male</strong></span> <span class='ocrx_word' id='word_1_116' title='bbox 842 2608 988 2683; x_wconf 84' lang='lat' dir='ltr'><strong>habent.</strong></span> <span class='ocrx_word' id='word_1_117' title='bbox 1040 2608 1079 2683; x_wconf 81' lang='lat' dir='ltr'><strong>si</strong></span> <span class='ocrx_word' id='word_1_118' title='bbox 1096 2634 1154 2683; x_wconf 92' lang='lat' dir='ltr'><strong>su-</strong></span> 
     </span>
     <span class='ocr_line' id='line_1_18' title="bbox 136 2710 1155 2819; baseline 0.004 -31"><span class='ocrx_word' id='word_1_119' title='bbox 136 2710 190 2791; x_wconf 79' lang='lat' dir='ltr'><strong>lae</strong></span> <span class='ocrx_word' id='word_1_120' title='bbox 202 2743 330 2819; x_wconf 89' lang='lat' dir='ltr'><strong>corpus</strong></span> <span class='ocrx_word' id='word_1_121' title='bbox 349 2722 489 2817; x_wconf 89' lang='lat' dir='ltr'><strong>coepit,</strong></span> <span class='ocrx_word' id='word_1_122' title='bbox 504 2719 658 2792; x_wconf 88' lang='lat' dir='ltr'><strong>linteum</strong></span> <span class='ocrx_word' id='word_1_123' title='bbox 676 2720 878 2817; x_wconf 73' lang='lat' dir='ltr'><strong>tepefacere</strong></span> <span class='ocrx_word' id='word_1_124' title='bbox 893 2733 1048 2818; x_wconf 85' lang='lat' dir='ltr'><strong>oportet,</strong></span> <span class='ocrx_word' id='word_1_125' title='bbox 1068 2745 1155 2818; x_wconf 86' lang='lat' dir='ltr'><strong>pau-</strong></span> 
     </span>
     <span class='ocr_line' id='line_1_19' title="bbox 132 2818 1154 2929; baseline 0.002 -28"><span class='ocrx_word' id='word_1_126' title='bbox 132 2818 263 2928; x_wconf 76' lang='lat' dir='ltr'><strong>btirnque</strong></span> <span class='ocrx_word' id='word_1_127' title='bbox 280 2830 428 2928; x_wconf 83' lang='lat' dir='ltr'><strong>singula</strong></span> <span class='ocrx_word' id='word_1_128' title='bbox 455 2830 617 2904; x_wconf 88' lang='lat' dir='ltr'><strong>membra</strong></span> <span class='ocrx_word' id='word_1_129' title='bbox 634 2830 833 2929; x_wconf 80' lang='lat' dir='ltr'><strong>detergere.</strong></span> <span class='ocrx_word' id='word_1_130' title='bbox 888 2831 943 2903; x_wconf 89' lang='lat' dir='ltr'><strong>At</strong></span> <span class='ocrx_word' id='word_1_131' title='bbox 960 2831 1024 2902; x_wconf 93' lang='lat' dir='ltr'><strong>ubi</strong></span> <span class='ocrx_word' id='word_1_132' title='bbox 1044 2831 1154 2903; x_wconf 92' lang='lat' dir='ltr'><strong>sudor</strong></span> 
     </span>
     <span class='ocr_line' id='line_1_20' title="bbox 132 2942 1155 3038; baseline 0 -26"><span class='ocrx_word' id='word_1_133' title='bbox 132 2942 212 3015; x_wconf 82' lang='lat' dir='ltr'><strong>mnis</strong></span> <span class='ocrx_word' id='word_1_134' title='bbox 224 2944 349 3018; x_wconf 85' lang='lat' dir='ltr'><strong>linitus</strong></span> <span class='ocrx_word' id='word_1_135' title='bbox 366 2956 435 3028; x_wconf 88' lang='lat' dir='ltr'><strong>est,</strong></span> <span class='ocrx_word' id='word_1_136' title='bbox 454 2956 518 3017; x_wconf 89' lang='lat' dir='ltr'><strong>aut</strong></span> <span class='ocrx_word' id='word_1_137' title='bbox 535 2944 563 3014; x_wconf 92' lang='lat' dir='ltr'><strong>si</strong></span> <span class='ocrx_word' id='word_1_138' title='bbox 580 2944 609 3016; x_wconf 93' lang='lat' dir='ltr'><strong>is</strong></span> <span class='ocrx_word' id='word_1_139' title='bbox 627 2968 700 3016; x_wconf 89' lang='lat' dir='ltr'><strong>uon</strong></span> <span class='ocrx_word' id='word_1_140' title='bbox 713 2946 824 3029; x_wconf 91' lang='lat' dir='ltr'><strong>venit,</strong></span> <span class='ocrx_word' id='word_1_141' title='bbox 841 2944 904 3015; x_wconf 93' lang='lat' dir='ltr'><strong>ubi</strong></span> <span class='ocrx_word' id='word_1_142' title='bbox 918 2966 1027 3038; x_wconf 86' lang='lat' dir='ltr'><strong>quam</strong></span> <span class='ocrx_word' id='word_1_143' title='bbox 1042 2942 1155 3013; x_wconf 83' lang='lat' dir='ltr'><strong>maxi·</strong></span> 
     </span>
     <span class='ocr_line' id='line_1_21' title="bbox 130 3053 1152 3151; baseline 0.002 -27"><span class='ocrx_word' id='word_1_144' title='bbox 130 3072 169 3124; x_wconf 86' lang='lat' dir='ltr'><strong>ue</strong></span> <span class='ocrx_word' id='word_1_145' title='bbox 190 3058 311 3151; x_wconf 87' lang='lat' dir='ltr'><strong>potuit,</strong></span> <span class='ocrx_word' id='word_1_146' title='bbox 341 3055 501 3129; x_wconf 90' lang='lat' dir='ltr'><strong>idoneus</strong></span> <span class='ocrx_word' id='word_1_147' title='bbox 534 3079 611 3128; x_wconf 89' lang='lat' dir='ltr'><strong>esse</strong></span> <span class='ocrx_word' id='word_1_148' title='bbox 639 3057 721 3129; x_wconf 91' lang='lat' dir='ltr'><strong>cibo</strong></span> <span class='ocrx_word' id='word_1_149' title='bbox 751 3080 861 3150; x_wconf 82' lang='lat' dir='ltr'><strong>aeger</strong></span> <span class='ocrx_word' id='word_1_150' title='bbox 892 3054 1048 3138; x_wconf 87' lang='lat' dir='ltr'><strong>videtur,</strong></span> <span class='ocrx_word' id='word_1_151' title='bbox 1085 3053 1152 3126; x_wconf 91' lang='lat' dir='ltr'><strong>sub</strong></span> 
     </span>
     <span class='ocr_line' id='line_1_22' title="bbox 131 3164 1151 3267; baseline 0.006 -34"><span class='ocrx_word' id='word_1_152' title='bbox 131 3176 205 3237; x_wconf 79' lang='lat' dir='ltr'><strong>reste</strong></span> <span class='ocrx_word' id='word_1_153' title='bbox 217 3166 338 3241; x_wconf 81' lang='lat' dir='ltr'><strong>leniter</strong></span> <span class='ocrx_word' id='word_1_154' title='bbox 350 3167 548 3267; x_wconf 83' lang='lat' dir='ltr'><strong>ungendus</strong></span> <span class='ocrx_word' id='word_1_155' title='bbox 561 3181 627 3253; x_wconf 91' lang='lat' dir='ltr'><strong>est,</strong></span> <span class='ocrx_word' id='word_1_156' title='bbox 646 3180 725 3241; x_wconf 89' lang='lat' dir='ltr'><strong>tum</strong></span> <span class='ocrx_word' id='word_1_157' title='bbox 740 3164 998 3262; x_wconf 83' lang='lat' dir='ltr'><strong>detergendus,</strong></span> <span class='ocrx_word' id='word_1_158' title='bbox 1018 3164 1151 3240; x_wconf 90' lang='lat' dir='ltr'><strong>deinde</strong></span> 
     </span>
     <span class='ocr_line' id='line_1_23' title="bbox 132 3276 1300 3367; baseline 0.015 -22"><span class='ocrx_word' id='word_1_159' title='bbox 132 3276 157 3345; x_wconf 87' lang='lat' dir='ltr'><strong>ei</strong></span> <span class='ocrx_word' id='word_1_160' title='bbox 180 3277 271 3352; x_wconf 88' lang='lat' dir='ltr'><strong>cibus</strong></span> <span class='ocrx_word' id='word_1_161' title='bbox 292 3281 440 3356; x_wconf 89' lang='lat' dir='ltr'><strong>dandus.</strong></span> <span class='ocrx_word' id='word_1_162' title='bbox 494 3280 532 3354; x_wconf 88' lang='lat' dir='ltr'><strong>Is</strong></span> <span class='ocrx_word' id='word_1_163' title='bbox 560 3295 683 3355; x_wconf 83' lang='lat' dir='ltr'><strong>autem</strong></span> <span class='ocrx_word' id='word_1_164' title='bbox 713 3278 1004 3352; x_wconf 80' lang='lat' dir='ltr'><strong>febricitantibus</strong></span> <span class='ocrx_word' id='word_1_165' title='bbox 1032 3278 1300 3367; x_wconf 65' lang='lat' dir='ltr'><strong>humi-onmia.</strong></span> 
     </span>
    </p>

    <p class='ocr_par' dir='ltr' id='par_1_3' title="bbox 133 3378 1292 3498">
     <span class='ocr_line' id='line_1_24' title="bbox 133 3378 1292 3498; baseline 0.004 -36"><span class='ocrx_word' id='word_1_166' title='bbox 133 3386 184 3461; x_wconf 86' lang='lat' dir='ltr'><strong>lus</strong></span> <span class='ocrx_word' id='word_1_167' title='bbox 196 3406 246 3465; x_wconf 86' lang='lat' dir='ltr'><strong>est</strong></span> <span class='ocrx_word' id='word_1_168' title='bbox 254 3394 462 3492; x_wconf 85' lang='lat' dir='ltr'><strong>aptissimus,</strong></span> <span class='ocrx_word' id='word_1_169' title='bbox 475 3407 538 3468; x_wconf 88' lang='lat' dir='ltr'><strong>aut</strong></span> <span class='ocrx_word' id='word_1_170' title='bbox 549 3394 691 3468; x_wconf 88' lang='lat' dir='ltr'><strong>humori</strong></span> <span class='ocrx_word' id='word_1_171' title='bbox 708 3408 806 3467; x_wconf 87' lang='lat' dir='ltr'><strong>certe</strong></span> <span class='ocrx_word' id='word_1_172' title='bbox 820 3417 928 3490; x_wconf 86' lang='lat' dir='ltr'><strong>quam</strong></span> <span class='ocrx_word' id='word_1_173' title='bbox 940 3393 1144 3490; x_wconf 84' lang='lat' dir='ltr'><strong>proximus:</strong></span> <span class='ocrx_word' id='word_1_174' title='bbox 1155 3378 1292 3498; x_wconf 48' lang='lat' dir='ltr'><strong>mlh*</strong></span> 
     </span>
    </p>

    <p class='ocr_par' dir='ltr' id='par_1_4' title="bbox 130 3501 1147 3830">
     <span class='ocr_line' id='line_1_25' title="bbox 131 3501 1145 3604; baseline 0.003 -29"><span class='ocrx_word' id='word_1_175' title='bbox 131 3501 229 3599; x_wconf 82' lang='lat' dir='ltr'><strong>ulique</strong></span> <span class='ocrx_word' id='word_1_176' title='bbox 243 3529 284 3586; x_wconf 80' lang='lat' dir='ltr'><strong>er</strong></span> <span class='ocrx_word' id='word_1_177' title='bbox 301 3509 455 3582; x_wconf 89' lang='lat' dir='ltr'><strong>materia</strong></span> <span class='ocrx_word' id='word_1_178' title='bbox 472 3531 581 3604; x_wconf 89' lang='lat' dir='ltr'><strong>quam</strong></span> <span class='ocrx_word' id='word_1_179' title='bbox 604 3506 794 3591; x_wconf 86' lang='lat' dir='ltr'><strong>levissima,</strong></span> <span class='ocrx_word' id='word_1_180' title='bbox 825 3506 1055 3604; x_wconf 81' lang='lat' dir='ltr'><strong>maximeque</strong></span> <span class='ocrx_word' id='word_1_181' title='bbox 1073 3531 1145 3580; x_wconf 91' lang='lat' dir='ltr'><strong>sor-</strong></span> 
     </span>
     <span class='ocr_line' id='line_1_26' title="bbox 130 3608 1147 3719; baseline 0.005 -32"><span class='ocrx_word' id='word_1_182' title='bbox 130 3608 214 3709; x_wconf 79' lang='lat' dir='ltr'><strong>bili03</strong></span> <span class='ocrx_word' id='word_1_183' title='bbox 238 3644 360 3719; x_wconf 89' lang='lat' dir='ltr'><strong>eaque,</strong></span> <span class='ocrx_word' id='word_1_184' title='bbox 387 3621 419 3693; x_wconf 90' lang='lat' dir='ltr'><strong>si</strong></span> <span class='ocrx_word' id='word_1_185' title='bbox 445 3645 598 3717; x_wconf 88' lang='lat' dir='ltr'><strong>magnac</strong></span> <span class='ocrx_word' id='word_1_186' title='bbox 615 3620 732 3693; x_wconf 83' lang='lat' dir='ltr'><strong>febres</strong></span> <span class='ocrx_word' id='word_1_187' title='bbox 750 3619 895 3704; x_wconf 79' lang='lat' dir='ltr'><strong>luerint,</strong></span> <span class='ocrx_word' id='word_1_188' title='bbox 916 3644 1024 3716; x_wconf 91' lang='lat' dir='ltr'><strong>quam</strong></span> <span class='ocrx_word' id='word_1_189' title='bbox 1044 3630 1147 3693; x_wconf 88' lang='lat' dir='ltr'><strong>tenu-</strong></span> 
     </span>
     <span class='ocr_line' id='line_1_27' title="bbox 130 3721 1146 3830; baseline 0.005 -29"><span class='ocrx_word' id='word_1_190' title='bbox 130 3721 307 3807; x_wconf 75' lang='lat' dir='ltr'><strong>btimaesse</strong></span> <span class='ocrx_word' id='word_1_191' title='bbox 324 3732 448 3806; x_wconf 83' lang='lat' dir='ltr'><strong>debet.</strong></span> <span class='ocrx_word' id='word_1_192' title='bbox 501 3730 581 3805; x_wconf 91' lang='lat' dir='ltr'><strong>Mel</strong></span> <span class='ocrx_word' id='word_1_193' title='bbox 609 3757 752 3830; x_wconf 81' lang='lat' dir='ltr'><strong>quoque</strong></span> <span class='ocrx_word' id='word_1_194' title='bbox 780 3730 1034 3828; x_wconf 85' lang='lat' dir='ltr'><strong>despumatum</strong></span> <span class='ocrx_word' id='word_1_195' title='bbox 1059 3732 1146 3806; x_wconf 91' lang='lat' dir='ltr'><strong>huic</strong></span> 
     </span>
    </p>

    <p class='ocr_par' dir='ltr' id='par_1_5' title="bbox 130 3842 1143 3942">
     <span class='ocr_line' id='line_1_28' title="bbox 130 3842 1143 3942; baseline 0.004 -29"><span class='ocrx_word' id='word_1_196' title='bbox 130 3854 202 3913; x_wconf 80' lang='lat' dir='ltr'><strong>recte</strong></span> <span class='ocrx_word' id='word_1_197' title='bbox 216 3842 390 3942; x_wconf 81' lang='lat' dir='ltr'><strong>adjicitur,</strong></span> <span class='ocrx_word' id='word_1_198' title='bbox 407 3869 481 3942; x_wconf 94' lang='lat' dir='ltr'><strong>quo</strong></span> <span class='ocrx_word' id='word_1_199' title='bbox 494 3869 625 3942; x_wconf 91' lang='lat' dir='ltr'><strong>corpus</strong></span> <span class='ocrx_word' id='word_1_200' title='bbox 642 3846 757 3942; x_wconf 84' lang='lat' dir='ltr'><strong>magis</strong></span> <span class='ocrx_word' id='word_1_201' title='bbox 782 3845 961 3918; x_wconf 87' lang='lat' dir='ltr'><strong>nutriatur</strong></span> <span class='ocrx_word' id='word_1_202' title='bbox 976 3868 985 3916; x_wconf 76' lang='lat' dir='ltr'><strong>t</strong></span> <span class='ocrx_word' id='word_1_203' title='bbox 1012 3843 1076 3916; x_wconf 90' lang='lat' dir='ltr'><strong>sed</strong></span> <span class='ocrx_word' id='word_1_204' title='bbox 1093 3846 1143 3930; x_wconf 92' lang='lat' dir='ltr'><strong>id,</strong></span> 
     </span>
    </p>

    <p class='ocr_par' dir='ltr' id='par_1_6' title="bbox 130 3948 1145 4166">
     <span class='ocr_line' id='line_1_29' title="bbox 130 3948 1145 4056; baseline 0.004 -29"><span class='ocrx_word' id='word_1_205' title='bbox 130 3948 364 4031; x_wconf 64' lang='lat' dir='ltr'><strong>iamachum</strong></span> <span class='ocrx_word' id='word_1_206' title='bbox 383 3956 546 4043; x_wconf 89' lang='lat' dir='ltr'><strong>offendit,</strong></span> <span class='ocrx_word' id='word_1_207' title='bbox 566 3982 829 4056; x_wconf 88' lang='lat' dir='ltr'><strong>supervacuum</strong></span> <span class='ocrx_word' id='word_1_208' title='bbox 848 3971 927 4049; x_wconf 88' lang='lat' dir='ltr'><strong>est;</strong></span> <span class='ocrx_word' id='word_1_209' title='bbox 956 3959 1051 4030; x_wconf 88' lang='lat' dir='ltr'><strong>sicut</strong></span> <span class='ocrx_word' id='word_1_210' title='bbox 1067 3957 1145 4054; x_wconf 84' lang='lat' dir='ltr'><strong>ipsa</strong></span> 
     </span>
     <span class='ocr_line' id='line_1_30' title="bbox 132 4068 1140 4166; baseline 0.004 -28"><span class='ocrx_word' id='word_1_211' title='bbox 132 4082 244 4163; x_wconf 82' lang='lat' dir='ltr'><strong>quoque</strong></span> <span class='ocrx_word' id='word_1_212' title='bbox 264 4071 425 4144; x_wconf 81' lang='lat' dir='ltr'><strong>sorbitio</strong></span> <span class='ocrx_word' id='word_1_213' title='bbox 477 4070 569 4143; x_wconf 91' lang='lat' dir='ltr'><strong>Dari</strong></span> <span class='ocrx_word' id='word_1_214' title='bbox 594 4095 681 4144; x_wconf 91' lang='lat' dir='ltr'><strong>vero</strong></span> <span class='ocrx_word' id='word_1_215' title='bbox 707 4072 742 4142; x_wconf 90' lang='lat' dir='ltr'><strong>in</strong></span> <span class='ocrx_word' id='word_1_216' title='bbox 771 4072 887 4143; x_wconf 89' lang='lat' dir='ltr'><strong>vicem</strong></span> <span class='ocrx_word' id='word_1_217' title='bbox 914 4068 992 4166; x_wconf 89' lang='lat' dir='ltr'><strong>ejus</strong></span> <span class='ocrx_word' id='word_1_218' title='bbox 1008 4080 1140 4165; x_wconf 86' lang='lat' dir='ltr'><strong>potest,</strong></span> 
     </span>
    </p>

    <p class='ocr_par' dir='ltr' id='par_1_7' title="bbox 112 4174 1142 4671">
     <span class='ocr_line' id='line_1_31' title="bbox 130 4174 1142 4283; baseline 0.012 -41"><span class='ocrx_word' id='word_1_219' title='bbox 130 4174 175 4247; x_wconf 78' lang='lat' dir='ltr'><strong>vel</strong></span> <span class='ocrx_word' id='word_1_220' title='bbox 186 4178 310 4257; x_wconf 65' lang='lat' dir='ltr'><strong>iutrital’</strong></span> <span class='ocrx_word' id='word_1_221' title='bbox 327 4208 376 4257; x_wconf 88' lang='lat' dir='ltr'><strong>ex</strong></span> <span class='ocrx_word' id='word_1_222' title='bbox 394 4208 489 4283; x_wconf 81' lang='lat' dir='ltr'><strong>aqua</strong></span> <span class='ocrx_word' id='word_1_223' title='bbox 505 4183 632 4271; x_wconf 81' lang='lat' dir='ltr'><strong>calida,</strong></span> <span class='ocrx_word' id='word_1_224' title='bbox 651 4182 709 4256; x_wconf 89' lang='lat' dir='ltr'><strong>vel</strong></span> <span class='ocrx_word' id='word_1_225' title='bbox 727 4182 818 4256; x_wconf 83' lang='lat' dir='ltr'><strong>alica</strong></span> <span class='ocrx_word' id='word_1_226' title='bbox 835 4180 931 4254; x_wconf 88' lang='lat' dir='ltr'><strong>elota</strong></span> <span class='ocrx_word' id='word_1_227' title='bbox 941 4210 952 4273; x_wconf 88' lang='lat'>;</span> <span class='ocrx_word' id='word_1_228' title='bbox 972 4181 1002 4253; x_wconf 93' lang='lat' dir='ltr'><strong>si</strong></span> <span class='ocrx_word' id='word_1_229' title='bbox 1019 4180 1142 4254; x_wconf 87' lang='lat' dir='ltr'><strong>firmus</strong></span> 
     </span>
     <span class='ocr_line' id='line_1_32' title="bbox 147 4342 513 4421; baseline 0.016 -24"><span class='ocrx_word' id='word_1_230' title='bbox 147 4342 288 4421; x_wconf 59' lang='lat' dir='ltr'><strong>*saepae</strong></span> <span class='ocrx_word' id='word_1_231' title='bbox 327 4349 394 4405; x_wconf 69' lang='lat' dir='ltr'><strong>coa</strong></span> <span class='ocrx_word' id='word_1_232' title='bbox 407 4349 478 4403; x_wconf 75' lang='lat' dir='ltr'><strong>rua</strong></span> <span class='ocrx_word' id='word_1_233' title='bbox 491 4349 513 4403; x_wconf 87' lang='lat'><strong>1.</strong></span> 
     </span>
     <span class='ocr_line' id='line_1_33' title="bbox 144 4428 1141 4505; baseline 0 -22"><span class='ocrx_word' id='word_1_234' title='bbox 144 4428 197 4483; x_wconf 66' lang='lat' dir='ltr'><strong>lUt</strong></span> <span class='ocrx_word' id='word_1_235' title='bbox 205 4435 307 4498; x_wconf 69' lang='lat' dir='ltr'><strong>malma,</strong></span> <span class='ocrx_word' id='word_1_236' title='bbox 318 4452 345 4497; x_wconf 87' lang='lat' dir='ltr'><strong>o,</strong></span> <span class='ocrx_word' id='word_1_237' title='bbox 356 4452 409 4497; x_wconf 86' lang='lat' dir='ltr'><strong>um,</strong></span> <span class='ocrx_word' id='word_1_238' title='bbox 421 4433 516 4505; x_wconf 78' lang='lat' dir='ltr'><strong>pagiua</strong></span> <span class='ocrx_word' id='word_1_239' title='bbox 527 4439 570 4487; x_wconf 84' lang='grc'><strong>68.</strong></span> <span class='ocrx_word' id='word_1_240' title='bbox 582 4433 620 4490; x_wconf 88' lang='lat' dir='ltr'><strong>sio</strong></span> <span class='ocrx_word' id='word_1_241' title='bbox 639 4437 754 4497; x_wconf 80' lang='lat' dir='ltr'><strong>intritus,</strong></span> <span class='ocrx_word' id='word_1_242' title='bbox 766 4452 794 4497; x_wconf 90' lang='grc' dir='ltr'><strong>α,</strong></span> <span class='ocrx_word' id='word_1_243' title='bbox 804 4450 855 4497; x_wconf 85' lang='lat' dir='ltr'><strong>um,</strong></span> <span class='ocrx_word' id='word_1_244' title='bbox 872 4430 991 4486; x_wconf 78' lang='lat' dir='ltr'><strong>alisolute</strong></span> <span class='ocrx_word' id='word_1_245' title='bbox 1010 4431 1042 4484; x_wconf 84' lang='lat' dir='ltr'><strong>do</strong></span> <span class='ocrx_word' id='word_1_246' title='bbox 1061 4430 1141 4484; x_wconf 83' lang='lat' dir='ltr'><strong>variis</strong></span> 
     </span>
     <span class='ocr_line' id='line_1_34' title="bbox 115 4510 1141 4589; baseline -0.001 -24"><span class='ocrx_word' id='word_1_247' title='bbox 115 4510 166 4565; x_wconf 67' lang='lat' dir='ltr'><strong>alb</strong></span> <span class='ocrx_word' id='word_1_248' title='bbox 176 4514 200 4568; x_wconf 83' lang='lat' dir='ltr'><strong>in</strong></span> <span class='ocrx_word' id='word_1_249' title='bbox 210 4517 287 4571; x_wconf 75' lang='lat' dir='ltr'><strong>variis</strong></span> <span class='ocrx_word' id='word_1_250' title='bbox 298 4516 446 4589; x_wconf 87' lang='lat' dir='ltr'><strong>potulentis</strong></span> <span class='ocrx_word' id='word_1_251' title='bbox 459 4517 612 4589; x_wconf 76' lang='lat' dir='ltr'><strong>vulgaribus</strong></span> <span class='ocrx_word' id='word_1_252' title='bbox 624 4516 794 4572; x_wconf 83' lang='lat' dir='ltr'><strong>comminutis</strong></span> <span class='ocrx_word' id='word_1_253' title='bbox 812 4523 840 4568; x_wconf 87' lang='lat' dir='ltr'><strong>et</strong></span> <span class='ocrx_word' id='word_1_254' title='bbox 857 4513 1004 4578; x_wconf 80' lang='lat' dir='ltr'><strong>maceratis,</strong></span> <span class='ocrx_word' id='word_1_255' title='bbox 1022 4513 1074 4566; x_wconf 86' lang='lat' dir='ltr'><strong>hoo</strong></span> <span class='ocrx_word' id='word_1_256' title='bbox 1092 4522 1141 4575; x_wconf 81' lang='lat' dir='ltr'><strong>est,</strong></span> 
     </span>
     <span class='ocr_line' id='line_1_35' title="bbox 112 4595 1141 4671; baseline -0.004 -23"><span class='ocrx_word' id='word_1_257' title='bbox 112 4595 200 4661; x_wconf 66' lang='lat' dir='ltr'><strong>ueritis,</strong></span> <span class='ocrx_word' id='word_1_258' title='bbox 210 4600 313 4671; x_wconf 79' lang='lat' dir='ltr'><strong>antiqui</strong></span> <span class='ocrx_word' id='word_1_259' title='bbox 325 4599 458 4653; x_wconf 68' lang='lat' dir='ltr'><strong>dixerunt.</strong></span> <span class='ocrx_word' id='word_1_260' title='bbox 484 4599 545 4654; x_wconf 86' lang='lat' dir='ltr'><strong>Hoc</strong></span> <span class='ocrx_word' id='word_1_261' title='bbox 556 4601 616 4655; x_wconf 90' lang='lat' dir='ltr'><strong>loco</strong></span> <span class='ocrx_word' id='word_1_262' title='bbox 628 4619 689 4654; x_wconf 82' lang='lat' dir='ltr'><strong>osca</strong></span> <span class='ocrx_word' id='word_1_263' title='bbox 700 4598 835 4653; x_wconf 85' lang='lat' dir='ltr'><strong>subaudiri</strong></span> <span class='ocrx_word' id='word_1_264' title='bbox 847 4597 961 4659; x_wconf 78' lang='lat' dir='ltr'><strong>videtur,</strong></span> <span class='ocrx_word' id='word_1_265' title='bbox 973 4613 1040 4666; x_wconf 88' lang='lat' dir='ltr'><strong>quae</strong></span> <span class='ocrx_word' id='word_1_266' title='bbox 1052 4596 1141 4647; x_wconf 91' lang='lat' dir='ltr'><strong>cibum</strong></span> 
     </span>
    </p>
   </div>
   <div class='ocr_carea' id='block_1_3' title="bbox 105 4681 1144 4842">
    <p class='ocr_par' dir='ltr' id='par_1_8' title="bbox 105 4681 1144 4842">
     <span class='ocr_line' id='line_1_36' title="bbox 105 4681 1141 4759; baseline -0.017 -12"><span class='ocrx_word' id='word_1_267' title='bbox 105 4685 320 4757; x_wconf 60' lang='lat' dir='ltr'><strong>wulmqualia</strong></span> <span class='ocrx_word' id='word_1_268' title='bbox 331 4686 406 4758; x_wconf 84' lang='lat' dir='ltr'><strong>panis</strong></span> <span class='ocrx_word' id='word_1_269' title='bbox 424 4686 479 4740; x_wconf 81' lang='lat' dir='ltr'><strong>fere</strong></span> <span class='ocrx_word' id='word_1_270' title='bbox 496 4694 562 4752; x_wconf 84' lang='lat' dir='ltr'><strong>erat,</strong></span> <span class='ocrx_word' id='word_1_271' title='bbox 579 4688 672 4759; x_wconf 76' lang='lat' dir='ltr'><strong>priscis</strong></span> <span class='ocrx_word' id='word_1_272' title='bbox 690 4685 845 4740; x_wconf 81' lang='lat' dir='ltr'><strong>mortalibus</strong></span> <span class='ocrx_word' id='word_1_273' title='bbox 863 4684 1003 4737; x_wconf 69' lang='lat' dir='ltr'><strong>indicabat.</strong></span> <span class='ocrx_word' id='word_1_274' title='bbox 1040 4681 1141 4733; x_wconf 86' lang='lat' dir='ltr'><strong>l&#39;ancm</strong></span> 
     </span>
     <span class='ocr_line' id='line_1_37' title="bbox 105 4761 1144 4842; baseline 0.002 -18"><span class='ocrx_word' id='word_1_275' title='bbox 105 4785 165 4839; x_wconf 59' lang='grc' dir='ltr'><strong>τᾳ),</strong></span> <span class='ocrx_word' id='word_1_276' title='bbox 183 4788 249 4842; x_wconf 84' lang='lat' dir='ltr'><strong>aqua</strong></span> <span class='ocrx_word' id='word_1_277' title='bbox 267 4768 352 4823; x_wconf 80' lang='lat' dir='ltr'><strong>calida</strong></span> <span class='ocrx_word' id='word_1_278' title='bbox 368 4769 499 4837; x_wconf 84' lang='lat' dir='ltr'><strong>intritum,</strong></span> <span class='ocrx_word' id='word_1_279' title='bbox 518 4770 571 4839; x_wconf 82' lang='lat' dir='ltr'><strong>liic,</strong></span> <span class='ocrx_word' id='word_1_280' title='bbox 589 4772 635 4827; x_wconf 85' lang='lat' dir='ltr'><strong>sed</strong></span> <span class='ocrx_word' id='word_1_281' title='bbox 656 4770 741 4842; x_wconf 84' lang='lat' dir='ltr'><strong>capito</strong></span> <span class='ocrx_word' id='word_1_282' title='bbox 760 4769 817 4823; x_wconf 83' lang='lat' dir='ltr'><strong>xix.</strong></span> <span class='ocrx_word' id='word_1_283' title='bbox 837 4768 917 4838; x_wconf 85' lang='lat' dir='ltr'><strong>liujus</strong></span> <span class='ocrx_word' id='word_1_284' title='bbox 935 4763 1005 4829; x_wconf 88' lang='lat' dir='ltr'><strong>libri,</strong></span> <span class='ocrx_word' id='word_1_285' title='bbox 1024 4781 1058 4817; x_wconf 84' lang='lat' dir='ltr'><strong>ex</strong></span> <span class='ocrx_word' id='word_1_286' title='bbox 1072 4761 1144 4825; x_wconf 64' lang='lat' dir='ltr'><strong>vim»</strong></span> 
     </span>
    </p>
   </div>
   <div class='ocr_carea' id='block_1_4' title="bbox 0 0 1434 5296">
    <p class='ocr_par' dir='ltr' id='par_1_9' title="bbox 0 0 1434 5296">
     <span class='ocr_line' id='line_1_38' title="bbox 0 0 1434 5296; baseline 0 0"><span class='ocrx_word' id='word_1_287' title='bbox 0 0 1434 5296; x_wconf 95' lang='lat' dir='ltr'><strong> </strong></span> 
     </span>
    </p>
   </div>
  </div>
 </body>
</html>
