<?xml version="1.0" encoding="UTF-8"?>
<!DOCTYPE html PUBLIC "-//W3C//DTD XHTML 1.0 Transitional//EN"
    "http://www.w3.org/TR/xhtml1/DTD/xhtml1-transitional.dtd">
<html xmlns="http://www.w3.org/1999/xhtml" xml:lang="en" lang="en">
 <head>
  <title>
</title>
<meta http-equiv="Content-Type" content="text/html;charset=utf-8" />
  <meta name='ocr-system' content='tesseract 3.04.00' />
  <meta name='ocr-capabilities' content='ocr_page ocr_carea ocr_par ocr_line ocrx_word'/>
</head>
<body>
  <div class='ocr_page' id='page_1' title='image "acorncelsimedic00targgoog_0122.png"; bbox 0 0 2858 5296; ppageno 0'>
   <div class='ocr_carea' id='block_1_1' title="bbox 337 204 986 318">
    <p class='ocr_par' dir='ltr' id='par_1_1' title="bbox 337 204 986 318">
     <span class='ocr_line' id='line_1_1' title="bbox 788 204 795 216; baseline 0 0"><span class='ocrx_word' id='word_1_1' title='bbox 788 204 795 216; x_wconf 73' lang='grc'>1</span> 
     </span>
     <span class='ocr_line' id='line_1_2' title="bbox 337 271 459 288; baseline 0 -8"><span class='ocrx_word' id='word_1_2' title='bbox 337 271 355 280; x_wconf 70' lang='grc' dir='ltr'><strong><em>μ</em></strong></span> <span class='ocrx_word' id='word_1_3' title='bbox 398 277 459 288; x_wconf 47' lang='grc' dir='ltr'>..Ι</span> 
     </span>
     <span class='ocr_line' id='line_1_3' title="bbox 939 311 986 318; baseline -0.043 0"><span class='ocrx_word' id='word_1_4' title='bbox 939 311 986 318; x_wconf 59' lang='lat' dir='ltr'>r..</span> 
     </span>
    </p>
   </div>
   <div class='ocr_carea' id='block_1_2' title="bbox 425 757 1152 827">
    <p class='ocr_par' dir='ltr' id='par_1_2' title="bbox 425 757 1152 827">
     <span class='ocr_line' id='line_1_4' title="bbox 425 757 1152 827; baseline 0.015 -11"><span class='ocrx_word' id='word_1_5' title='bbox 425 766 734 819; x_wconf 73' lang='lat' dir='ltr'>maternarum.</span> <span class='ocrx_word' id='word_1_6' title='bbox 753 769 809 817; x_wconf 90' lang='lat' dir='ltr'>ur.</span> <span class='ocrx_word' id='word_1_7' title='bbox 1084 757 1152 827; x_wconf 89' lang='lat'>101</span> 
     </span>
    </p>
   </div>
   <div class='ocr_carea' id='block_1_3' title="bbox 75 940 1276 4885">
    <p class='ocr_par' dir='ltr' id='par_1_3' title="bbox 125 940 1276 2843">
     <span class='ocr_line' id='line_1_5' title="bbox 155 940 1152 1041; baseline 0.013 -29"><span class='ocrx_word' id='word_1_8' title='bbox 155 942 345 1016; x_wconf 74' lang='lat' dir='ltr'>continuatur</span> <span class='ocrx_word' id='word_1_9' title='bbox 353 940 471 1029; x_wconf 79' lang='lat' dir='ltr'>febris,</span> <span class='ocrx_word' id='word_1_10' title='bbox 498 966 618 1041; x_wconf 90' lang='lat' dir='ltr'>neque</span> <span class='ocrx_word' id='word_1_11' title='bbox 636 941 749 1016; x_wconf 89' lang='lat' dir='ltr'>levior</span> <span class='ocrx_word' id='word_1_12' title='bbox 766 966 930 1040; x_wconf 93' lang='lat' dir='ltr'>unquam</span> <span class='ocrx_word' id='word_1_13' title='bbox 947 946 998 1034; x_wconf 88' lang='lat' dir='ltr'>fit,</span> <span class='ocrx_word' id='word_1_14' title='bbox 1018 959 1056 1023; x_wconf 89' lang='lat' dir='ltr'>et</span> <span class='ocrx_word' id='word_1_15' title='bbox 1073 949 1152 1025; x_wconf 89' lang='lat' dir='ltr'>dari</span> 
     </span>
     <span class='ocr_line' id='line_1_6' title="bbox 156 1053 1151 1158; baseline 0.013 -34"><span class='ocrx_word' id='word_1_16' title='bbox 156 1053 257 1133; x_wconf 82' lang='lat' dir='ltr'>cibum</span> <span class='ocrx_word' id='word_1_17' title='bbox 269 1079 390 1131; x_wconf 68' lang='lat' dir='ltr'>nareae</span> <span class='ocrx_word' id='word_1_18' title='bbox 405 1070 473 1144; x_wconf 89' lang='lat' dir='ltr'>est,</span> <span class='ocrx_word' id='word_1_19' title='bbox 493 1054 641 1155; x_wconf 91' lang='lat' dir='ltr'>quando</span> <span class='ocrx_word' id='word_1_20' title='bbox 658 1056 736 1129; x_wconf 86' lang='lat' dir='ltr'>dari</span> <span class='ocrx_word' id='word_1_21' title='bbox 753 1054 897 1142; x_wconf 83' lang='lat' dir='ltr'>debeat,</span> <span class='ocrx_word' id='word_1_22' title='bbox 923 1082 1054 1158; x_wconf 86' lang='lat' dir='ltr'>magna</span> <span class='ocrx_word' id='word_1_23' title='bbox 1079 1063 1151 1137; x_wconf 88' lang='lat' dir='ltr'>dis·</span> 
     </span>
     <span class='ocr_line' id='line_1_7' title="bbox 157 1167 1147 1267; baseline 0.01 -28"><span class='ocrx_word' id='word_1_24' title='bbox 157 1169 312 1244; x_wconf 74' lang='lat' dir='ltr'>remeat</span> <span class='ocrx_word' id='word_1_25' title='bbox 331 1222 335 1229; x_wconf 87' lang='lat'>-</span> <span class='ocrx_word' id='word_1_26' title='bbox 352 1168 526 1258; x_wconf 81' lang='lat' dir='ltr'><strong>Quidam,</strong></span> <span class='ocrx_word' id='word_1_27' title='bbox 546 1170 631 1267; x_wconf 90' lang='lat' dir='ltr'>quia</span> <span class='ocrx_word' id='word_1_28' title='bbox 646 1167 724 1242; x_wconf 87' lang='lat' dir='ltr'>fere</span> <span class='ocrx_word' id='word_1_29' title='bbox 738 1169 920 1242; x_wconf 90' lang='lat' dir='ltr'>remissius</span> <span class='ocrx_word' id='word_1_30' title='bbox 931 1175 1147 1249; x_wconf 90' lang='lat' dir='ltr'>matutinum</span> 
     </span>
     <span class='ocr_line' id='line_1_8' title="bbox 157 1279 1274 1383; baseline 0.013 -30"><span class='ocrx_word' id='word_1_31' title='bbox 157 1284 374 1383; x_wconf 73' lang='lat' dir='ltr'>teupuaegris</span> <span class='ocrx_word' id='word_1_32' title='bbox 390 1295 458 1370; x_wconf 90' lang='lat' dir='ltr'>est,</span> <span class='ocrx_word' id='word_1_33' title='bbox 477 1296 567 1357; x_wconf 99' lang='grc' dir='ltr'>ωηο</span> <span class='ocrx_word' id='word_1_34' title='bbox 592 1293 725 1380; x_wconf 84' lang='lat' dir='ltr'>putant</span> <span class='ocrx_word' id='word_1_35' title='bbox 750 1279 925 1356; x_wconf 86' lang='lat' dir='ltr'>dandum.</span> <span class='ocrx_word' id='word_1_36' title='bbox 980 1283 1092 1370; x_wconf 89' lang='lat' dir='ltr'>Quod</span> <span class='ocrx_word' id='word_1_37' title='bbox 1116 1292 1274 1371; x_wconf 71' lang='lat' dir='ltr'>simona</span> 
     </span>
     <span class='ocr_line' id='line_1_9' title="bbox 156 1393 1276 1495; baseline 0.005 -26"><span class='ocrx_word' id='word_1_38' title='bbox 156 1394 308 1491; x_wconf 76' lang='lat' dir='ltr'>respondet,</span> <span class='ocrx_word' id='word_1_39' title='bbox 324 1419 400 1469; x_wconf 91' lang='lat' dir='ltr'>non</span> <span class='ocrx_word' id='word_1_40' title='bbox 419 1396 507 1495; x_wconf 92' lang='lat' dir='ltr'>quia</span> <span class='ocrx_word' id='word_1_41' title='bbox 521 1418 629 1468; x_wconf 92' lang='lat' dir='ltr'>mane</span> <span class='ocrx_word' id='word_1_42' title='bbox 648 1406 713 1481; x_wconf 78' lang='lat' dir='ltr'>est,</span> <span class='ocrx_word' id='word_1_43' title='bbox 732 1393 796 1467; x_wconf 87' lang='lat' dir='ltr'>sed</span> <span class='ocrx_word' id='word_1_44' title='bbox 814 1396 900 1492; x_wconf 93' lang='lat' dir='ltr'>qnia</span> <span class='ocrx_word' id='word_1_45' title='bbox 916 1399 1081 1472; x_wconf 86' lang='lat' dir='ltr'>remissio</span> <span class='ocrx_word' id='word_1_46' title='bbox 1093 1395 1276 1476; x_wconf 72' lang='lat' dir='ltr'>est⁸‘¹¹¹¹&#39;⁰¹⁰·</span> 
     </span>
     <span class='ocr_line' id='line_1_10' title="bbox 154 1505 1148 1606; baseline 0.003 -24"><span class='ocrx_word' id='word_1_47' title='bbox 154 1505 238 1602; x_wconf 60' lang='lat' dir='ltr'>tegna</span> <span class='ocrx_word' id='word_1_48' title='bbox 259 1506 329 1581; x_wconf 87' lang='lat' dir='ltr'>dari</span> <span class='ocrx_word' id='word_1_49' title='bbox 358 1507 482 1582; x_wconf 88' lang='lat' dir='ltr'>debet.</span> <span class='ocrx_word' id='word_1_50' title='bbox 534 1506 572 1580; x_wconf 87' lang='lat' dir='ltr'>Si</span> <span class='ocrx_word' id='word_1_51' title='bbox 598 1532 686 1580; x_wconf 90' lang='lat' dir='ltr'>vero</span> <span class='ocrx_word' id='word_1_52' title='bbox 710 1531 756 1579; x_wconf 92' lang='lat' dir='ltr'>ne</span> <span class='ocrx_word' id='word_1_53' title='bbox 782 1520 872 1581; x_wconf 92' lang='lat' dir='ltr'>tunc</span> <span class='ocrx_word' id='word_1_54' title='bbox 900 1508 1049 1606; x_wconf 91' lang='lat' dir='ltr'>quidem</span> <span class='ocrx_word' id='word_1_55' title='bbox 1075 1511 1148 1586; x_wconf 90' lang='lat' dir='ltr'>ulla</span> 
     </span>
     <span class='ocr_line' id='line_1_11' title="bbox 150 1618 1148 1721; baseline 0.006 -30"><span class='ocrx_word' id='word_1_56' title='bbox 150 1619 246 1715; x_wconf 74' lang='lat' dir='ltr'>trqu&#39;es</span> <span class='ocrx_word' id='word_1_57' title='bbox 253 1621 367 1720; x_wconf 82' lang='lat' dir='ltr'>aegris</span> <span class='ocrx_word' id='word_1_58' title='bbox 379 1632 449 1707; x_wconf 89' lang='lat' dir='ltr'>est,</span> <span class='ocrx_word' id='word_1_59' title='bbox 461 1620 532 1693; x_wconf 89' lang='lat' dir='ltr'>hoc</span> <span class='ocrx_word' id='word_1_60' title='bbox 544 1622 623 1717; x_wconf 91' lang='lat' dir='ltr'>ipso</span> <span class='ocrx_word' id='word_1_61' title='bbox 634 1618 738 1717; x_wconf 85' lang='lat' dir='ltr'>pejus</span> <span class='ocrx_word' id='word_1_62' title='bbox 751 1618 789 1691; x_wconf 93' lang='lat' dir='ltr'>id</span> <span class='ocrx_word' id='word_1_63' title='bbox 802 1634 946 1717; x_wconf 89' lang='lat' dir='ltr'>tempus</span> <span class='ocrx_word' id='word_1_64' title='bbox 964 1625 1148 1721; x_wconf 73' lang='lat' dir='ltr'>estquod</span> 
     </span>
     <span class='ocr_line' id='line_1_12' title="bbox 148 1732 1148 1819; baseline 0.007 -15"><span class='ocrx_word' id='word_1_65' title='bbox 148 1750 263 1807; x_wconf 80' lang='lat' dir='ltr'>ormana</span> <span class='ocrx_word' id='word_1_66' title='bbox 275 1745 409 1809; x_wconf 89' lang='lat' dir='ltr'>natura</span> <span class='ocrx_word' id='word_1_67' title='bbox 425 1733 555 1806; x_wconf 90' lang='lat' dir='ltr'>melius</span> <span class='ocrx_word' id='word_1_68' title='bbox 571 1757 649 1805; x_wconf 86' lang='lat' dir='ltr'>esse</span> <span class='ocrx_word' id='word_1_69' title='bbox 668 1732 809 1819; x_wconf 80' lang='lat' dir='ltr'>debeat,</span> <span class='ocrx_word' id='word_1_70' title='bbox 831 1734 949 1808; x_wconf 88' lang='lat' dir='ltr'>morbi</span> <span class='ocrx_word' id='word_1_71' title='bbox 967 1737 1057 1809; x_wconf 88' lang='lat' dir='ltr'>vitio</span> <span class='ocrx_word' id='word_1_72' title='bbox 1073 1752 1148 1811; x_wconf 91' lang='grc' dir='ltr'>ηοη</span> 
     </span>
     <span class='ocr_line' id='line_1_13' title="bbox 146 1846 1221 1948; baseline 0.007 -31"><span class='ocrx_word' id='word_1_73' title='bbox 146 1858 192 1917; x_wconf 79' lang='lat' dir='ltr'>ot:</span> <span class='ocrx_word' id='word_1_74' title='bbox 210 1846 381 1947; x_wconf 81' lang='lat' dir='ltr'>simulque</span> <span class='ocrx_word' id='word_1_75' title='bbox 391 1848 594 1944; x_wconf 88' lang='lat' dir='ltr'>insequitur</span> <span class='ocrx_word' id='word_1_76' title='bbox 604 1858 747 1944; x_wconf 88' lang='lat' dir='ltr'>tempus</span> <span class='ocrx_word' id='word_1_77' title='bbox 765 1846 1016 1935; x_wconf 89' lang='lat' dir='ltr'>meridianum,</span> <span class='ocrx_word' id='word_1_78' title='bbox 1035 1874 1150 1948; x_wconf 90' lang='lat' dir='ltr'>aquo</span> <span class='ocrx_word' id='word_1_79' title='bbox 1214 1918 1221 1931; x_wconf 85' lang='lat'><em>,</em></span> 
     </span>
     <span class='ocr_line' id='line_1_14' title="bbox 144 1957 1146 2063; baseline 0.001 -28"><span class='ocrx_word' id='word_1_80' title='bbox 144 1958 524 2063; x_wconf 60' lang='lat' dir='ltr'>momnisaegerfere</span> <span class='ocrx_word' id='word_1_81' title='bbox 536 1957 638 2056; x_wconf 89' lang='lat' dir='ltr'>pejor</span> <span class='ocrx_word' id='word_1_82' title='bbox 651 1958 724 2045; x_wconf 87' lang='lat' dir='ltr'>fiat,</span> <span class='ocrx_word' id='word_1_83' title='bbox 739 1959 858 2032; x_wconf 90' lang='lat' dir='ltr'>timeri</span> <span class='ocrx_word' id='word_1_84' title='bbox 871 1972 1002 2058; x_wconf 90' lang='lat' dir='ltr'>potest,</span> <span class='ocrx_word' id='word_1_85' title='bbox 1022 1986 1068 2035; x_wconf 90' lang='lat' dir='ltr'>ne</span> <span class='ocrx_word' id='word_1_86' title='bbox 1085 1963 1146 2037; x_wconf 86' lang='lat' dir='ltr'>ille</span> 
     </span>
     <span class='ocr_line' id='line_1_15' title="bbox 142 2070 1148 2173; baseline 0 -26"><span class='ocrx_word' id='word_1_87' title='bbox 142 2073 342 2168; x_wconf 67' lang='lat' dir='ltr'>mgisetiam,</span> <span class='ocrx_word' id='word_1_88' title='bbox 357 2097 469 2172; x_wconf 90' lang='lat' dir='ltr'>quam</span> <span class='ocrx_word' id='word_1_89' title='bbox 483 2097 527 2146; x_wconf 86' lang='lat' dir='ltr'>ex</span> <span class='ocrx_word' id='word_1_90' title='bbox 546 2070 823 2158; x_wconf 89' lang='lat' dir='ltr'>consuetudine,</span> <span class='ocrx_word' id='word_1_91' title='bbox 840 2085 1021 2170; x_wconf 87' lang='lat' dir='ltr'>urgeatur.</span> <span class='ocrx_word' id='word_1_92' title='bbox 1075 2074 1148 2173; x_wconf 83' lang='lat' dir='ltr'>Igi-</span> 
     </span>
     <span class='ocr_line' id='line_1_16' title="bbox 141 2184 1143 2287; baseline 0.008 -34"><span class='ocrx_word' id='word_1_93' title='bbox 141 2190 181 2255; x_wconf 90' lang='grc' dir='ltr'>ω</span> <span class='ocrx_word' id='word_1_94' title='bbox 191 2184 242 2259; x_wconf 80' lang='lat' dir='ltr'>aiii</span> <span class='ocrx_word' id='word_1_95' title='bbox 263 2211 407 2287; x_wconf 82' lang='lat' dir='ltr'>uespere</span> <span class='ocrx_word' id='word_1_96' title='bbox 436 2186 498 2261; x_wconf 89' lang='lat' dir='ltr'>tali</span> <span class='ocrx_word' id='word_1_97' title='bbox 522 2210 634 2283; x_wconf 89' lang='lat' dir='ltr'>aegro</span> <span class='ocrx_word' id='word_1_98' title='bbox 658 2187 783 2259; x_wconf 90' lang='lat' dir='ltr'>cibum</span> <span class='ocrx_word' id='word_1_99' title='bbox 809 2184 907 2258; x_wconf 86' lang='lat' dir='ltr'>dant</span> <span class='ocrx_word' id='word_1_100' title='bbox 960 2184 1033 2259; x_wconf 86' lang='lat' dir='ltr'>Sed</span> <span class='ocrx_word' id='word_1_101' title='bbox 1058 2210 1143 2261; x_wconf 90' lang='lat' dir='ltr'>cum</span> 
     </span>
     <span class='ocr_line' id='line_1_17' title="bbox 139 2300 1145 2399; baseline 0.003 -30"><span class='ocrx_word' id='word_1_102' title='bbox 139 2308 322 2399; x_wconf 73' lang='lat' dir='ltr'>ootsnpore</span> <span class='ocrx_word' id='word_1_103' title='bbox 335 2300 412 2375; x_wconf 87' lang='lat' dir='ltr'>fere</span> <span class='ocrx_word' id='word_1_104' title='bbox 430 2300 575 2399; x_wconf 87' lang='lat' dir='ltr'>pessimi</span> <span class='ocrx_word' id='word_1_105' title='bbox 593 2301 675 2385; x_wconf 91' lang='lat' dir='ltr'>sint,</span> <span class='ocrx_word' id='word_1_106' title='bbox 702 2300 766 2395; x_wconf 93' lang='lat' dir='ltr'>qui</span> <span class='ocrx_word' id='word_1_107' title='bbox 791 2310 993 2396; x_wconf 88' lang='lat' dir='ltr'>aegrotant,</span> <span class='ocrx_word' id='word_1_108' title='bbox 1020 2323 1145 2372; x_wconf 88' lang='lat' dir='ltr'>veren-</span> 
     </span>
     <span class='ocr_line' id='line_1_18' title="bbox 137 2405 1143 2513; baseline 0.001 -28"><span class='ocrx_word' id='word_1_109' title='bbox 137 2405 199 2485; x_wconf 82' lang='lat' dir='ltr'>tm</span> <span class='ocrx_word' id='word_1_110' title='bbox 218 2426 278 2499; x_wconf 80' lang='lat' dir='ltr'>est,</span> <span class='ocrx_word' id='word_1_111' title='bbox 301 2436 360 2498; x_wconf 91' lang='lat' dir='ltr'>ne,</span> <span class='ocrx_word' id='word_1_112' title='bbox 383 2412 523 2511; x_wconf 85' lang='lat' dir='ltr'>siquid</span> <span class='ocrx_word' id='word_1_113' title='bbox 547 2425 636 2485; x_wconf 90' lang='grc' dir='ltr'>ωηο</span> <span class='ocrx_word' id='word_1_114' title='bbox 661 2412 892 2497; x_wconf 88' lang='lat' dir='ltr'>moverimus,</span> <span class='ocrx_word' id='word_1_115' title='bbox 920 2410 983 2485; x_wconf 88' lang='lat' dir='ltr'>fiat</span> <span class='ocrx_word' id='word_1_116' title='bbox 1005 2412 1143 2513; x_wconf 87' lang='lat' dir='ltr'>aliquid</span> 
     </span>
     <span class='ocr_line' id='line_1_19' title="bbox 131 2522 1211 2622; baseline 0.004 -27"><span class='ocrx_word' id='word_1_117' title='bbox 131 2526 264 2622; x_wconf 76' lang='lat' dir='ltr'>aperius</span> <span class='ocrx_word' id='word_1_118' title='bbox 313 2524 377 2601; x_wconf 94' lang='lat' dir='ltr'>Ob</span> <span class='ocrx_word' id='word_1_119' title='bbox 394 2526 487 2600; x_wconf 90' lang='lat' dir='ltr'>haec</span> <span class='ocrx_word' id='word_1_120' title='bbox 503 2525 549 2598; x_wconf 91' lang='lat' dir='ltr'>ad</span> <span class='ocrx_word' id='word_1_121' title='bbox 567 2524 723 2598; x_wconf 89' lang='lat' dir='ltr'>mediam</span> <span class='ocrx_word' id='word_1_122' title='bbox 740 2536 885 2598; x_wconf 91' lang='lat' dir='ltr'>noctem</span> <span class='ocrx_word' id='word_1_123' title='bbox 899 2523 1056 2600; x_wconf 90' lang='lat' dir='ltr'>decurro</span> <span class='ocrx_word' id='word_1_124' title='bbox 1070 2522 1081 2618; x_wconf 66' lang='lat'>&#39;3</span> <span class='ocrx_word' id='word_1_125' title='bbox 1102 2528 1140 2601; x_wconf 89' lang='lat' dir='ltr'>id</span> <span class='ocrx_word' id='word_1_126' title='bbox 1148 2552 1211 2602; x_wconf 70' lang='lat' dir='ltr'>cern</span> 
     </span>
     <span class='ocr_line' id='line_1_20' title="bbox 127 2620 1272 2742; baseline 0 -29"><span class='ocrx_word' id='word_1_127' title='bbox 127 2650 170 2725; x_wconf 74' lang='lat' dir='ltr'>ot.</span> <span class='ocrx_word' id='word_1_128' title='bbox 189 2638 287 2714; x_wconf 81' lang='lat' dir='ltr'>finito</span> <span class='ocrx_word' id='word_1_129' title='bbox 304 2639 384 2738; x_wconf 83' lang='lat' dir='ltr'>jam</span> <span class='ocrx_word' id='word_1_130' title='bbox 410 2639 622 2742; x_wconf 85' lang='lat' dir='ltr'>gravissimo</span> <span class='ocrx_word' id='word_1_131' title='bbox 648 2650 821 2735; x_wconf 86' lang='lat' dir='ltr'>ternpore,</span> <span class='ocrx_word' id='word_1_132' title='bbox 841 2637 1045 2739; x_wconf 88' lang='lat' dir='ltr'>eodemque</span> <span class='ocrx_word' id='word_1_133' title='bbox 1062 2620 1272 2713; x_wconf 48' lang='lat' dir='ltr'>lon-judidum&#39;</span> 
     </span>
     <span class='ocr_line' id='line_1_21' title="bbox 125 2753 1136 2843; baseline 0.001 -15"><span class='ocrx_word' id='word_1_134' title='bbox 125 2753 236 2843; x_wconf 68' lang='lat' dir='ltr'>pune</span> <span class='ocrx_word' id='word_1_135' title='bbox 258 2753 443 2827; x_wconf 88' lang='lat' dir='ltr'>distante:</span> <span class='ocrx_word' id='word_1_136' title='bbox 472 2753 648 2828; x_wconf 91' lang='lat' dir='ltr'>secuturis</span> <span class='ocrx_word' id='word_1_137' title='bbox 670 2778 757 2826; x_wconf 88' lang='lat' dir='ltr'>vero</span> <span class='ocrx_word' id='word_1_138' title='bbox 776 2753 1002 2827; x_wconf 86' lang='lat' dir='ltr'><strong>antelucanis</strong></span> <span class='ocrx_word' id='word_1_139' title='bbox 1029 2754 1136 2843; x_wconf 87' lang='lat' dir='ltr'>horis,</span> 
     </span>
    </p>

    <p class='ocr_par' dir='ltr' id='par_1_4' title="bbox 75 2864 1149 4641">
     <span class='ocr_line' id='line_1_22' title="bbox 75 2864 1149 2962; baseline 0.001 -24"><span class='ocrx_word' id='word_1_140' title='bbox 75 2898 79 2951; x_wconf 89' lang='lat'>:·</span> <span class='ocrx_word' id='word_1_141' title='bbox 123 2866 222 2962; x_wconf 86' lang='lat' dir='ltr'>quibus</span> <span class='ocrx_word' id='word_1_142' title='bbox 247 2890 375 2940; x_wconf 90' lang='lat' dir='ltr'>omnes</span> <span class='ocrx_word' id='word_1_143' title='bbox 398 2866 473 2939; x_wconf 84' lang='lat' dir='ltr'>fere</span> <span class='ocrx_word' id='word_1_144' title='bbox 497 2867 652 2938; x_wconf 86' lang='lat' dir='ltr'>maxime</span> <span class='ocrx_word' id='word_1_145' title='bbox 679 2866 866 2938; x_wconf 86' lang='lat' dir='ltr'>dormiunt</span> <span class='ocrx_word' id='word_1_146' title='bbox 879 2899 888 2948; x_wconf 91' lang='lat'>;</span> <span class='ocrx_word' id='word_1_147' title='bbox 913 2864 1047 2938; x_wconf 89' lang='lat' dir='ltr'>deinde</span> <span class='ocrx_word' id='word_1_148' title='bbox 1073 2891 1149 2939; x_wconf 88' lang='lat' dir='ltr'>ma-</span> 
     </span>
     <span class='ocr_line' id='line_1_23' title="bbox 121 2977 1147 3078; baseline 0.004 -29"><span class='ocrx_word' id='word_1_149' title='bbox 121 2982 213 3054; x_wconf 89' lang='lat' dir='ltr'>tutino</span> <span class='ocrx_word' id='word_1_150' title='bbox 225 2994 402 3078; x_wconf 90' lang='lat' dir='ltr'>tempore,</span> <span class='ocrx_word' id='word_1_151' title='bbox 420 2978 519 3077; x_wconf 88' lang='lat' dir='ltr'>quod</span> <span class='ocrx_word' id='word_1_152' title='bbox 536 2993 664 3052; x_wconf 90' lang='lat' dir='ltr'>natura</span> <span class='ocrx_word' id='word_1_153' title='bbox 677 3002 741 3050; x_wconf 88' lang='lat' dir='ltr'>sua</span> <span class='ocrx_word' id='word_1_154' title='bbox 755 2977 978 3050; x_wconf 88' lang='lat' dir='ltr'>levissimum</span> <span class='ocrx_word' id='word_1_155' title='bbox 997 2989 1062 3050; x_wconf 87' lang='lat' dir='ltr'>est.</span> <span class='ocrx_word' id='word_1_156' title='bbox 1109 2980 1147 3053; x_wconf 86' lang='lat' dir='ltr'>Si</span> 
     </span>
     <span class='ocr_line' id='line_1_24' title="bbox 120 3089 1144 3191; baseline 0.005 -29"><span class='ocrx_word' id='word_1_157' title='bbox 120 3112 186 3165; x_wconf 84' lang='lat' dir='ltr'>vero</span> <span class='ocrx_word' id='word_1_158' title='bbox 198 3094 314 3168; x_wconf 78' lang='lat' dir='ltr'>febres</span> <span class='ocrx_word' id='word_1_159' title='bbox 326 3117 442 3191; x_wconf 81' lang='lat' dir='ltr'>vagae</span> <span class='ocrx_word' id='word_1_160' title='bbox 453 3105 550 3179; x_wconf 89' lang='lat' dir='ltr'>sunt,</span> <span class='ocrx_word' id='word_1_161' title='bbox 566 3092 652 3189; x_wconf 90' lang='lat' dir='ltr'>quia</span> <span class='ocrx_word' id='word_1_162' title='bbox 662 3089 864 3163; x_wconf 87' lang='lat' dir='ltr'>verendum</span> <span class='ocrx_word' id='word_1_163' title='bbox 877 3103 942 3175; x_wconf 88' lang='lat' dir='ltr'>est,</span> <span class='ocrx_word' id='word_1_164' title='bbox 956 3111 1003 3161; x_wconf 91' lang='lat' dir='ltr'>ne</span> <span class='ocrx_word' id='word_1_165' title='bbox 1021 3089 1144 3167; x_wconf 90' lang='lat' dir='ltr'>cibum</span> 
     </span>
     <span class='ocr_line' id='line_1_25' title="bbox 119 3202 1147 3304; baseline 0.003 -30"><span class='ocrx_word' id='word_1_166' title='bbox 119 3207 221 3278; x_wconf 82' lang='lat' dir='ltr'>statim</span> <span class='ocrx_word' id='word_1_167' title='bbox 233 3206 504 3304; x_wconf 83' lang='lat' dir='ltr'>subsequantur,</span> <span class='ocrx_word' id='word_1_168' title='bbox 514 3204 809 3304; x_wconf 76' lang='lat' dir='ltr'>quandocunque</span> <span class='ocrx_word' id='word_1_169' title='bbox 823 3202 903 3298; x_wconf 93' lang='lat' dir='ltr'>quis</span> <span class='ocrx_word' id='word_1_170' title='bbox 916 3226 962 3273; x_wconf 86' lang='lat' dir='ltr'>ex</span> <span class='ocrx_word' id='word_1_171' title='bbox 974 3203 1147 3277; x_wconf 88' lang='lat' dir='ltr'>accessio-</span> 
     </span>
     <span class='ocr_line' id='line_1_26' title="bbox 119 3312 1144 3414; baseline 0.004 -27"><span class='ocrx_word' id='word_1_172' title='bbox 119 3338 158 3389; x_wconf 90' lang='lat' dir='ltr'>ne</span> <span class='ocrx_word' id='word_1_173' title='bbox 178 3316 308 3392; x_wconf 76' lang='lat' dir='ltr'>levatus</span> <span class='ocrx_word' id='word_1_174' title='bbox 322 3333 386 3407; x_wconf 88' lang='lat' dir='ltr'>est,</span> <span class='ocrx_word' id='word_1_175' title='bbox 408 3332 496 3393; x_wconf 90' lang='grc' dir='ltr'>ωηο</span> <span class='ocrx_word' id='word_1_176' title='bbox 514 3320 626 3405; x_wconf 84' lang='lat' dir='ltr'>debet</span> <span class='ocrx_word' id='word_1_177' title='bbox 642 3340 834 3388; x_wconf 89' lang='lat' dir='ltr'>assumere.</span> <span class='ocrx_word' id='word_1_178' title='bbox 888 3312 943 3388; x_wconf 85' lang='lat' dir='ltr'>At</span> <span class='ocrx_word' id='word_1_179' title='bbox 967 3317 996 3387; x_wconf 90' lang='lat' dir='ltr'>si</span> <span class='ocrx_word' id='word_1_180' title='bbox 1022 3315 1144 3414; x_wconf 90' lang='lat' dir='ltr'>plures</span> 
     </span>
     <span class='ocr_line' id='line_1_27' title="bbox 119 3426 1141 3527; baseline -0.001 -22"><span class='ocrx_word' id='word_1_181' title='bbox 119 3432 318 3505; x_wconf 79' lang='lat' dir='ltr'>accessiones</span> <span class='ocrx_word' id='word_1_182' title='bbox 333 3432 465 3507; x_wconf 91' lang='lat' dir='ltr'>eodem</span> <span class='ocrx_word' id='word_1_183' title='bbox 483 3431 541 3507; x_wconf 89' lang='lat' dir='ltr'>die</span> <span class='ocrx_word' id='word_1_184' title='bbox 555 3432 718 3521; x_wconf 75' lang='lat' dir='ltr'>ueniunt,</span> <span class='ocrx_word' id='word_1_185' title='bbox 739 3426 968 3501; x_wconf 87' lang='lat' dir='ltr'>considerare</span> <span class='ocrx_word' id='word_1_186' title='bbox 986 3444 1141 3527; x_wconf 89' lang='lat' dir='ltr'>oportet,</span> 
     </span>
     <span class='ocr_line' id='line_1_28' title="bbox 118 3541 1143 3645; baseline 0 -27"><span class='ocrx_word' id='word_1_187' title='bbox 118 3566 248 3639; x_wconf 75' lang='lat' dir='ltr'>paresne</span> <span class='ocrx_word' id='word_1_188' title='bbox 270 3570 337 3645; x_wconf 90' lang='lat' dir='ltr'>per</span> <span class='ocrx_word' id='word_1_189' title='bbox 361 3549 484 3622; x_wconf 91' lang='lat' dir='ltr'>omnia</span> <span class='ocrx_word' id='word_1_190' title='bbox 513 3548 595 3631; x_wconf 87' lang='lat' dir='ltr'>sint,</span> <span class='ocrx_word' id='word_1_191' title='bbox 623 3543 722 3642; x_wconf 89' lang='lat' dir='ltr'>quod</span> <span class='ocrx_word' id='word_1_192' title='bbox 749 3544 810 3615; x_wconf 85' lang='lat' dir='ltr'>vix</span> <span class='ocrx_word' id='word_1_193' title='bbox 836 3541 912 3615; x_wconf 86' lang='lat' dir='ltr'>fieri</span> <span class='ocrx_word' id='word_1_194' title='bbox 938 3558 1068 3641; x_wconf 89' lang='lat' dir='ltr'>potest,</span> <span class='ocrx_word' id='word_1_195' title='bbox 1096 3570 1143 3618; x_wconf 87' lang='lat' dir='ltr'>an</span> 
     </span>
     <span class='ocr_line' id='line_1_29' title="bbox 117 3656 1144 3758; baseline 0.002 -29"><span class='ocrx_word' id='word_1_196' title='bbox 117 3656 256 3757; x_wconf 83' lang='lat' dir='ltr'>impares.</span> <span class='ocrx_word' id='word_1_197' title='bbox 309 3660 348 3735; x_wconf 88' lang='lat' dir='ltr'>Si</span> <span class='ocrx_word' id='word_1_198' title='bbox 363 3684 432 3758; x_wconf 86' lang='lat' dir='ltr'>per</span> <span class='ocrx_word' id='word_1_199' title='bbox 449 3661 571 3745; x_wconf 86' lang='lat' dir='ltr'>omnia</span> <span class='ocrx_word' id='word_1_200' title='bbox 586 3681 689 3754; x_wconf 86' lang='lat' dir='ltr'>pares</span> <span class='ocrx_word' id='word_1_201' title='bbox 707 3667 802 3741; x_wconf 91' lang='lat' dir='ltr'>sunt,</span> <span class='ocrx_word' id='word_1_202' title='bbox 822 3668 906 3753; x_wconf 91' lang='lat' dir='ltr'>post</span> <span class='ocrx_word' id='word_1_203' title='bbox 925 3681 1003 3728; x_wconf 90' lang='lat' dir='ltr'>earn</span> <span class='ocrx_word' id='word_1_204' title='bbox 1022 3659 1144 3755; x_wconf 87' lang='lat' dir='ltr'>potius</span> 
     </span>
     <span class='ocr_line' id='line_1_30' title="bbox 119 3770 1144 3866; baseline -0.005 -19"><span class='ocrx_word' id='word_1_205' title='bbox 119 3774 340 3847; x_wconf 66' lang='lat' dir='ltr'>morionem</span> <span class='ocrx_word' id='word_1_206' title='bbox 357 3774 462 3847; x_wconf 90' lang='lat' dir='ltr'>cibus</span> <span class='ocrx_word' id='word_1_207' title='bbox 479 3771 556 3846; x_wconf 91' lang='lat' dir='ltr'>dari</span> <span class='ocrx_word' id='word_1_208' title='bbox 573 3770 693 3855; x_wconf 89' lang='lat' dir='ltr'>debet,</span> <span class='ocrx_word' id='word_1_209' title='bbox 722 3794 815 3866; x_wconf 92' lang='lat' dir='ltr'>quae</span> <span class='ocrx_word' id='word_1_210' title='bbox 834 3793 908 3842; x_wconf 91' lang='lat' dir='ltr'>non</span> <span class='ocrx_word' id='word_1_211' title='bbox 926 3770 1021 3842; x_wconf 88' lang='lat' dir='ltr'>inter</span> <span class='ocrx_word' id='word_1_212' title='bbox 1038 3773 1144 3842; x_wconf 90' lang='lat' dir='ltr'>meri·</span> 
     </span>
     <span class='ocr_line' id='line_1_31' title="bbox 118 3880 1145 3984; baseline -0.008 -23"><span class='ocrx_word' id='word_1_213' title='bbox 118 3880 193 3959; x_wconf 78' lang='lat' dir='ltr'>dieu</span> <span class='ocrx_word' id='word_1_214' title='bbox 214 3900 252 3960; x_wconf 84' lang='lat' dir='ltr'>et</span> <span class='ocrx_word' id='word_1_215' title='bbox 269 3910 457 3984; x_wconf 85' lang='lat' dir='ltr'>vesperem</span> <span class='ocrx_word' id='word_1_216' title='bbox 482 3884 635 3957; x_wconf 90' lang='lat' dir='ltr'>desinit:</span> <span class='ocrx_word' id='word_1_217' title='bbox 664 3884 692 3955; x_wconf 90' lang='lat' dir='ltr'>si</span> <span class='ocrx_word' id='word_1_218' title='bbox 722 3884 878 3980; x_wconf 88' lang='lat' dir='ltr'>impares</span> <span class='ocrx_word' id='word_1_219' title='bbox 904 3896 1001 3966; x_wconf 90' lang='lat' dir='ltr'>sunt,</span> <span class='ocrx_word' id='word_1_220' title='bbox 1029 3883 1145 3954; x_wconf 91' lang='lat' dir='ltr'>consi-</span> 
     </span>
     <span class='ocr_line' id='line_1_32' title="bbox 118 3992 1142 4097; baseline -0.001 -31"><span class='ocrx_word' id='word_1_221' title='bbox 118 3994 293 4073; x_wconf 88' lang='lat' dir='ltr'>derandum</span> <span class='ocrx_word' id='word_1_222' title='bbox 311 4012 379 4085; x_wconf 88' lang='lat' dir='ltr'>est,</span> <span class='ocrx_word' id='word_1_223' title='bbox 399 4024 473 4097; x_wconf 90' lang='lat' dir='ltr'>quo</span> <span class='ocrx_word' id='word_1_224' title='bbox 492 3998 636 4072; x_wconf 89' lang='lat' dir='ltr'>distent.</span> <span class='ocrx_word' id='word_1_225' title='bbox 688 3993 786 4067; x_wconf 89' lang='lat' dir='ltr'>Nam</span> <span class='ocrx_word' id='word_1_226' title='bbox 805 3994 833 4066; x_wconf 91' lang='lat' dir='ltr'>si</span> <span class='ocrx_word' id='word_1_227' title='bbox 851 3992 964 4067; x_wconf 88' lang='lat' dir='ltr'>altera</span> <span class='ocrx_word' id='word_1_228' title='bbox 984 3996 1142 4090; x_wconf 86' lang='lat' dir='ltr'>gravior,</span> 
     </span>
     <span class='ocr_line' id='line_1_33' title="bbox 116 4105 1145 4208; baseline -0.007 -23"><span class='ocrx_word' id='word_1_229' title='bbox 116 4107 211 4185; x_wconf 75' lang='lat' dir='ltr'>attera</span> <span class='ocrx_word' id='word_1_230' title='bbox 230 4111 342 4197; x_wconf 77' lang='lat' dir='ltr'>levior</span> <span class='ocrx_word' id='word_1_231' title='bbox 361 4128 428 4198; x_wconf 87' lang='lat' dir='ltr'>est,</span> <span class='ocrx_word' id='word_1_232' title='bbox 455 4125 538 4208; x_wconf 89' lang='lat' dir='ltr'>post</span> <span class='ocrx_word' id='word_1_233' title='bbox 561 4109 763 4207; x_wconf 87' lang='lat' dir='ltr'>graviorem</span> <span class='ocrx_word' id='word_1_234' title='bbox 791 4107 869 4180; x_wconf 84' lang='lat' dir='ltr'>dari</span> <span class='ocrx_word' id='word_1_235' title='bbox 887 4107 1020 4180; x_wconf 84' lang='lat' dir='ltr'>debet:</span> <span class='ocrx_word' id='word_1_236' title='bbox 1048 4105 1078 4179; x_wconf 92' lang='lat' dir='ltr'>si</span> <span class='ocrx_word' id='word_1_237' title='bbox 1095 4106 1145 4179; x_wconf 90' lang='lat' dir='ltr'>al·</span> 
     </span>
     <span class='ocr_line' id='line_1_34' title="bbox 115 4218 1145 4325; baseline -0.002 -30"><span class='ocrx_word' id='word_1_238' title='bbox 115 4234 181 4297; x_wconf 85' lang='lat' dir='ltr'>tera</span> <span class='ocrx_word' id='word_1_239' title='bbox 189 4224 333 4325; x_wconf 78' lang='lat' dir='ltr'>longior,</span> <span class='ocrx_word' id='word_1_240' title='bbox 349 4225 462 4299; x_wconf 85' lang='lat' dir='ltr'>altera</span> <span class='ocrx_word' id='word_1_241' title='bbox 476 4225 628 4307; x_wconf 90' lang='lat' dir='ltr'>brevior,</span> <span class='ocrx_word' id='word_1_242' title='bbox 644 4235 727 4319; x_wconf 88' lang='lat' dir='ltr'>post</span> <span class='ocrx_word' id='word_1_243' title='bbox 739 4221 939 4317; x_wconf 83' lang='lat' dir='ltr'>longiorem</span> <span class='ocrx_word' id='word_1_244' title='bbox 956 4246 965 4291; x_wconf 92' lang='lat'>:</span> <span class='ocrx_word' id='word_1_245' title='bbox 994 4222 1022 4291; x_wconf 88' lang='lat' dir='ltr'>si</span> <span class='ocrx_word' id='word_1_246' title='bbox 1033 4218 1145 4294; x_wconf 90' lang='lat' dir='ltr'>altera</span> 
     </span>
     <span class='ocr_line' id='line_1_35' title="bbox 110 4333 1146 4435; baseline -0.006 -23"><span class='ocrx_word' id='word_1_247' title='bbox 110 4341 247 4433; x_wconf 69' lang='lat' dir='ltr'>gratior,</span> <span class='ocrx_word' id='word_1_248' title='bbox 266 4339 379 4414; x_wconf 89' lang='lat' dir='ltr'>altera</span> <span class='ocrx_word' id='word_1_249' title='bbox 403 4339 545 4435; x_wconf 87' lang='lat' dir='ltr'>longior</span> <span class='ocrx_word' id='word_1_250' title='bbox 562 4351 628 4421; x_wconf 87' lang='lat' dir='ltr'>est,</span> <span class='ocrx_word' id='word_1_251' title='bbox 648 4333 954 4407; x_wconf 88' lang='lat' dir='ltr'>considerandum</span> <span class='ocrx_word' id='word_1_252' title='bbox 972 4347 1036 4419; x_wconf 92' lang='lat' dir='ltr'>est,</span> <span class='ocrx_word' id='word_1_253' title='bbox 1066 4348 1146 4407; x_wconf 90' lang='lat' dir='ltr'>utra</span> 
     </span>
     <span class='ocr_line' id='line_1_36' title="bbox 110 4449 1145 4552; baseline -0.012 -24"><span class='ocrx_word' id='word_1_254' title='bbox 110 4454 211 4550; x_wconf 83' lang='lat' dir='ltr'>magis</span> <span class='ocrx_word' id='word_1_255' title='bbox 226 4452 372 4552; x_wconf 84' lang='lat' dir='ltr'>affligat,</span> <span class='ocrx_word' id='word_1_256' title='bbox 393 4451 454 4525; x_wconf 86' lang='lat' dir='ltr'>illa</span> <span class='ocrx_word' id='word_1_257' title='bbox 472 4453 518 4539; x_wconf 87' lang='lat' dir='ltr'>vi,</span> <span class='ocrx_word' id='word_1_258' title='bbox 538 4474 584 4523; x_wconf 92' lang='lat' dir='ltr'>an</span> <span class='ocrx_word' id='word_1_259' title='bbox 603 4449 693 4521; x_wconf 86' lang='lat' dir='ltr'>haec</span> <span class='ocrx_word' id='word_1_260' title='bbox 711 4461 888 4544; x_wconf 87' lang='lat' dir='ltr'>tempore,</span> <span class='ocrx_word' id='word_1_261' title='bbox 909 4459 947 4518; x_wconf 89' lang='lat' dir='ltr'>et</span> <span class='ocrx_word' id='word_1_262' title='bbox 964 4457 1047 4544; x_wconf 88' lang='lat' dir='ltr'>post</span> <span class='ocrx_word' id='word_1_263' title='bbox 1064 4471 1145 4518; x_wconf 89' lang='lat' dir='ltr'>earn</span> 
     </span>
     <span class='ocr_line' id='line_1_37' title="bbox 108 4558 402 4641; baseline 0.01 -4"><span class='ocrx_word' id='word_1_264' title='bbox 108 4562 235 4641; x_wconf 83' lang='lat' dir='ltr'>dandus</span> <span class='ocrx_word' id='word_1_265' title='bbox 252 4582 317 4640; x_wconf 89' lang='lat' dir='ltr'>est.</span> <span class='ocrx_word' id='word_1_266' title='bbox 399 4558 402 4563; x_wconf 61' lang='grc'><strong>’</strong></span> 
     </span>
    </p>

    <p class='ocr_par' dir='ltr' id='par_1_5' title="bbox 148 4669 1276 4782">
     <span class='ocr_line' id='line_1_38' title="bbox 148 4669 1276 4782; baseline -0.013 -29"><span class='ocrx_word' id='word_1_267' title='bbox 148 4680 218 4754; x_wconf 81' lang='lat' dir='ltr'>Sed</span> <span class='ocrx_word' id='word_1_268' title='bbox 243 4681 350 4780; x_wconf 88' lang='lat' dir='ltr'>plane</span> <span class='ocrx_word' id='word_1_269' title='bbox 377 4680 575 4780; x_wconf 89' lang='lat' dir='ltr'>plurimum</span> <span class='ocrx_word' id='word_1_270' title='bbox 593 4679 754 4760; x_wconf 88' lang='lat' dir='ltr'>interest,</span> <span class='ocrx_word' id='word_1_271' title='bbox 774 4684 930 4770; x_wconf 87' lang='lat' dir='ltr'>quantae</span> <span class='ocrx_word' id='word_1_272' title='bbox 950 4669 1146 4769; x_wconf 85' lang='lat' dir='ltr'>qualesque</span> <span class='ocrx_word' id='word_1_273' title='bbox 1154 4703 1227 4782; x_wconf 41' lang='grc' dir='ltr'>(ἔφη</span> <span class='ocrx_word' id='word_1_274' title='bbox 1238 4716 1276 4748; x_wconf 53' lang='lat' dir='ltr'>w.</span> 
     </span>
    </p>

    <p class='ocr_par' dir='ltr' id='par_1_6' title="bbox 103 4780 1275 4885">
     <span class='ocr_line' id='line_1_39' title="bbox 103 4780 1275 4885; baseline -0.01 -19"><span class='ocrx_word' id='word_1_275' title='bbox 103 4793 261 4879; x_wconf 82' lang='lat' dir='ltr'>intereas</span> <span class='ocrx_word' id='word_1_276' title='bbox 278 4796 505 4869; x_wconf 84' lang='lat' dir='ltr'>remissiones</span> <span class='ocrx_word' id='word_1_277' title='bbox 523 4794 605 4868; x_wconf 88' lang='lat' dir='ltr'>sint.</span> <span class='ocrx_word' id='word_1_278' title='bbox 660 4789 756 4866; x_wconf 78' lang='lat' dir='ltr'>Nam</span> <span class='ocrx_word' id='word_1_279' title='bbox 775 4790 804 4859; x_wconf 85' lang='lat' dir='ltr'>si</span> <span class='ocrx_word' id='word_1_280' title='bbox 830 4798 912 4885; x_wconf 88' lang='lat' dir='ltr'>post</span> <span class='ocrx_word' id='word_1_281' title='bbox 930 4785 1078 4859; x_wconf 85' lang='lat' dir='ltr'>alteram</span> <span class='ocrx_word' id='word_1_282' title='bbox 1098 4780 1275 4854; x_wconf 68' lang='lat' dir='ltr'>te-m¹⁸³¹⁰¹¹⁰·</span> 
     </span>
    </p>
   </div>
   <div class='ocr_carea' id='block_1_4' title="bbox 0 0 1434 5296">
    <p class='ocr_par' dir='ltr' id='par_1_7' title="bbox 0 0 1434 5296">
     <span class='ocr_line' id='line_1_40' title="bbox 0 0 1434 5296; baseline 0 10"><span class='ocrx_word' id='word_1_283' title='bbox 0 0 1434 5296; x_wconf 95' lang='lat' dir='ltr'> </span> 
     </span>
    </p>
   </div>
  </div>
 </body>
</html>
