2858 5296
212 802 223 821 ι
331 738 549 795 mturare
564 742 641 795 nra.
659 744 715 797 nr.
966 730 1054 799 ‘lua

81 912 352 997 ΞΜ
365 917 532 995 uocet
553 916 721 1011 deberet
743 918 860 997 multa
873 920 1052 1001 'frictione

81 1058 86 1115 ι
118 1030 444 1131 quafingnem
462 1054 622 1121 carnem,
647 1056 771 1133 neque
798 1034 926 1111 viuum
951 1060 1050 1113 anu·

81 1162 132 1235 e3
154 1140 678 1247 &amputationem
697 1146 1048 1239 exmediamateria,

81 1250 332 1349 thr-'133
357 1280 436 1333 uun
463 1270 633 1359 oportere
660 1284 741 1335 esse
770 1258 831 1336 vel
859 1258 967 1351 solos,
989 1264 1050 1339 val

81 1366 452 1467 rigmivdinter
479 1394 555 1458 eoa,
586 1394 678 1470 quos
706 1384 776 1448 aut·
801 1384 1052 1463 contemnant,

81 1478 282 1583 W?
308 1494 455 1558 mutare
470 1482 606 1559 debere
620 1486 801 1584 regiones,
832 1500 873 1563 et
901 1488 933 1561 si
947 1512 1051 1565 mens

81 1600 237 1683 tn'nua
251 1596 550 1695 peregrinatione
566 1620 644 1673 esre
654 1596 862 1697 jactandos.

81 1730 149 1795 aro,
179 1704 479 1807 sed;aliquando
506 1720 640 1797 tamen,
671 1723 849 1787 exmetu
878 1710 1048 1787 delirium
1058 1742 1188 1795 aarum.

81 1818 158 1895 *tirr-
210 1818 331 1909 Quod
345 1842 465 1919 genus
479 1822 750 1913 insanientum,
777 1824 899 1924 specie
914 1822 1044 1911 simile,

81 1930 166 2033 'repre
179 1932 308 2017 victam
321 1956 458 2029 genere
470 1934 674 2009 emendum
685 1948 764 2011 est:
790 1949 1046 2038 praeterquam

81 2040 144 2137 lin
156 2044 234 2121 boc
247 2046 413 2121 insaniae
427 2070 563 2147 genere
575 2046 655 2123 solo
666 2060 768 2123 recte
782 2050 909 2125 unum
925 2050 1045 2125 datur.

81 2154 155 2233 lx.
187 2156 261 2235 His
287 2159 427 2235 morbis
449 2162 649 2261 praecipue
674 2162 897 2237 connarium
925 2174 984 2238 est
1006 2160 1193 2245 idumea

81 2290 128 2357 us
147 2270 244 2371 qud
255 2270 430 2372 ωριακὸ
444 2298 468 2348 a
482 2270 639 2350 Graecis
664 2273 897 2366 nominatum
923 2261 1208 2378 quam-32¹5&-

81 2404 183 2485 ηε.
197 2382 246 2461 ul
269 2410 359 2463 mam
386 2384 590 2487 phrenetici
618 2398 835 2463 transeunt:
866 2387 1198 2488 siquidemouou

81 2496 148 2579 rin
161 2496 235 2573 illis
250 2496 362 2587 labat,
380 2500 419 2574 in
437 2498 508 2575 hoc
524 2512 679 2577 constat
731 2500 780 2577 ld
803 2512 930 2577 antem
954 2476 1165 2581 nihili’i'l'a'?

81 2606 303 2711 lemquam
331 2614 444 2687 nimia
471 2612 699 2689 imbecillitas
727 2617 900 2715 corporis,
929 2614 1043 2715 quod,

81 2724 175 2801 acho
208 2724 423 2825 languente,
457 2727 655 2803 immodico
687 2728 820 2803 sudore
854 2730 1044 2827 digeritur.

81 2848 167 2937 tque
184 2842 354 2939 protinus
369 2843 462 2915 scire
477 2841 518 2915 id
534 2865 624 2929 esse,
643 2841 707 2916 ubi
724 2865 901 2916 venarum
918 2843 1045 2939 exigui

81 2951 234 3053 cillique
248 2952 377 3054 pulsus
394 2968 503 3047 sunt3
531 2955 642 3029 sudor
669 2967 793 3028 autem
821 2978 932 3051 supra
955 2976 1045 3026 con-

81 3062 231 3155 tdinem,
250 3079 290 3142 et
306 3066 428 3154 modo,
447 3080 485 3143 et
503 3080 679 3166 tempore,
697 3090 746 3140 ex
774 3078 854 3140 toto
881 3064 1041 3152 thorace,

81 3178 256 3271 trvicibus,
276 3191 387 3279 atque
399 3182 507 3256 etiam
525 3182 645 3279 capite
658 3178 874 3277 prorumpit,
890 3176 1044 3276 pedibas

81 3292 243 3368 ammodo
259 3305 298 3370 et
313 3294 478 3369 cruribus
495 3293 719 3378 siccioribus,
746 3303 857 3389 atque
881 3288 1045 3391 frigenti·

100 3400 285 3506 Acrrtique
300 3407 417 3482 morbi
435 3431 552 3506 genus
569 3418 636 3480 est.
672 3403 824 3481 Curatio
839 3405 957 3505 prima
973 3419 1040 3494 est,
1050 3436 1162 3490 cuna,

81 3519 328 3617 apraecordia
356 3522 553 3619 imponere,
581 3542 676 3618 quae
702 3518 913 3617 reprimant,
944 3531 1042 3595 eata·

81 3642 187 3705 ruta:
213 3632 387 3720 secunda,
406 3633 575 3708 sudorem
588 3631 793 3730 prohibere.
821 3630 868 3705 Id
884 3645 1044 3732 praestat

81 3740 164 3819 brun
180 3743 315 3834 oleum,
334 3746 392 3821 vel
409 3771 501 3833 rosa,
525 3745 584 3821 vel
601 3745 789 3833 melinum,
817 3757 883 3821 aut
907 3758 1042 3845 myrte-

81 3880 260 3957 .quorum
277 3858 401 3958 aliquo
429 3882 561 3959 corpus
589 3856 723 3933 leniter
747 3856 1041 3957 perungendum,
1088 3937 1091 3943 ,

81 3978 229 4071 tumque
246 3995 294 4046 ex
311 3970 433 4070 aliquo
450 3971 582 4046 horum
599 3983 678 4045 tum
694 3968 961 4069 imponendum
974 3982 1042 4043 est

81 4080 157 4159 ador
171 4086 298 4173 vincit,
319 4084 535 4160 delinendus
553 4085 664 4160 homo
679 4096 739 4159 eat
755 4082 813 4159 vel
829 4106 958 4181 gypso,
985 4080 1046 4156 vel

81 4198 133 4273 oti
147 4222 289 4298 rpuma,
308 4198 366 4273 vel
383 4198 539 4274 Cimolia
555 4210 667 4282 creta,
683 4196 871 4273 ueletiam
888 4193 1043 4270 subinde

81 4334 121 4385 un
135 4310 288 4411 pulvere
296 4311 576 4411 respergendus.
629 4310 734 4385 Idem
748 4321 905 4409 praestat
921 4308 1042 4408 pulvis

81 4426 219 4501 nutritis
237 4426 329 4501 aridi
346 4428 455 4526 myrti
470 4425 530 4500 vel
547 4424 631 4499 rubi
647 4423 754 4512 foliis,
780 4420 844 4498 aut
860 4448 907 4497 ex
925 4431 1042 4496 auste-

91 4538 179 4615 boni
197 4541 272 4614 vini
296 4539 399 4614 arida
427 4537 554 4615 faece:
582 4538 760 4638 pluraque
786 4537 916 4611 similia
945 4544 1042 4614 sunt,

81 4654 130 4727 isi
148 4653 294 4742 desunt,
317 4657 404 4729 satis
429 4653 526 4728 utilis
543 4664 599 4729 est
615 4651 768 4752 quilibet
785 4676 831 4725 ex
851 4651 909 4724 via
925 4644 1044 4746 pulvis

81 4780 161 4843 tus,
215 4767 332 4867 Super
347 4768 439 4844 haec
458 4792 553 4856 vero,
573 4790 648 4865 quo
660 4764 781 4838 minus
798 4782 930 4859 corpus
948 4760 1045 4830 insn-
