2858 5296
354 306 425 377 133
734 320 770 369 r.
789 318 902 372 cons.
919 318 1028 373 cesar
1051 352 1055 357 -

349 499 382 572 ai
412 496 574 574 remedia
601 518 678 573 non
707 494 946 583 sustulerunt,
970 495 1011 569 iu
1038 496 1163 595 pueris
1187 520 1205 571 u

348 610 481 709 puellis
510 620 780 687 menstruorum
812 608 959 684 initium
990 606 1097 683 tollit
1162 606 1205 683 M

348 721 569 800 distentione
593 746 789 800 nervorum
805 719 1007 822 prolabitur
1027 719 1170 821 aliquis,
1195 746 1204 797 r

348 834 420 912 illa.
472 836 635 927 Quidam
652 835 724 911 hoc
740 850 889 935 quoque
911 832 1053 922 iisdem,
1079 834 1203 935 quibu

350 972 425 1038 cos,
456 952 617 1027 excitare
646 961 850 1025 conantur:
882 944 984 1047 quod
1013 946 1202 1023 admodum

346 1086 460 1137 cuum
476 1076 558 1156 est3
584 1074 623 1139 et
639 1063 728 1162 quia
751 1085 799 1135 ne
824 1058 1047 1160 lethargicus
1063 1060 1202 1161 quiden

346 1189 434 1269 tur3
461 1190 501 1253 et
528 1178 626 1277 quia,
645 1199 732 1251 cum
748 1174 864 1275 possit
886 1172 949 1249 ille
973 1198 1163 1273 nunquam
1186 1198 1201 1251 ε

346 1301 458 1389 atque
482 1291 535 1365 ita
561 1286 658 1364 lame
682 1289 841 1375 interire,
875 1286 936 1363 hic
965 1287 1014 1361 ad
1039 1311 1078 1363 se
1103 1288 1201 1388 utiqu

347 1414 418 1477 tur.
469 1402 546 1478 Ubi
575 1400 739 1479 concidit
764 1401 905 1500 aliquis,
933 1402 965 1475 si
989 1399 1090 1475 nulla
1113 1424 1200 1477 nero

182 1569 318 1635 &W
347 1516 464 1590 tentio
477 1517 642 1605 accessit,
661 1517 789 1615 utique
803 1514 950 1615 sanguis
962 1515 1059 1589 mitti
1071 1513 1199 1590 debet:

184 1638 275 1689 nido
345 1627 498 1717 sitnon
522 1632 651 1731 utique
667 1628 870 1705 mittendus
886 1639 953 1716 est,
972 1628 1041 1701 nisi
1060 1625 1131 1702 alia
1153 1654 1199 1729 qu

345 1754 481 1819 tantur.
532 1742 793 1821 Necessarium
809 1754 933 1817 autem
950 1752 1017 1829 est,
1035 1740 1198 1817 duceres

181 1902 327 1973 mm
343 1858 450 1957 nigro
468 1870 610 1935 veratro
625 1880 793 1957 purgare,
813 1854 872 1930 vel
888 1866 1085 1954 utrumque
1101 1852 1198 1931 facer

342 1970 561 2069 patiuntur:
592 1982 684 2046 tuuc
715 1980 829 2068 caput
857 1967 1020 2055 tondere,
1049 1968 1197 2069 oleoque

340 2104 548 2182 perungere
562 2112 574 2175 ς
601 2081 725 2157 cibum
743 2093 828 2181 post
844 2078 942 2155 diem
959 2082 1120 2169 tertium,
1138 2083 1197 2157 sim

340 2192 441 2283 hora,
461 2219 535 2294 qua
550 2194 724 2283 concidit,
742 2192 841 2268 dare.
892 2192 1027 2293 Neque
1043 2194 1197 2271 sorbitio

343 2305 410 2397 his,
436 2309 570 2410 aliique
587 2306 715 2383 molles
740 2322 779 2382 et
802 2305 927 2381 faciles
952 2308 1037 2395 eibi,
1063 2331 1185 2409 neque

342 2421 513 2521 nimeque
530 2418 635 2497 suilla
650 2422 847 2515 convenit;
867 2419 932 2495 sed
944 2419 1087 2495 mediae
1099 2432 1196 2497 mate

342 2546 381 2610 et
411 2536 549 2610 viribus
577 2559 670 2635 opus
693 2546 760 2623 est,
791 2547 830 2609 et
856 2533 1055 2609 cruditates
1084 2559 1196 2609 caven

343 2646 440 2722 Cum
459 2650 592 2749 quibus
605 2648 733 2749 fugere
751 2660 895 2747 oportet
907 2646 1032 2735 solem,
1051 2646 1195 2723 balneus

179 2777 252 2875 ⁶:¹¹
279 2793 291 2805 ·
342 2765 538 2863 omniaque
554 2763 830 2858 calefacientia;
857 2765 946 2839 item
968 2762 1095 2863 frigus,
1122 2766 1195 2839 vim

340 2900 430 2965 rem,
461 2877 534 2952 loci
559 2879 767 2978 praecipitis
792 2897 1041 2975 conspectum,
1069 2880 1195 2954 omniu

340 2990 511 3076 rentium,
530 2993 721 3078 vomitum,
746 2990 1006 3078 lassitudinem,
1033 2990 1195 3067 sollicitu

338 3102 440 3199 gotia
456 3103 588 3175 omnia.
641 3103 718 3178 Ubi
734 3105 843 3178 tertio
860 3103 920 3178 die
937 3103 1042 3179 cibus
1059 3103 1166 3180 datus
1190 3144 1194 3171 ι

339 3215 484 3291 mittere
518 3225 700 3313 quartum,
736 3228 775 3290 et
807 3217 964 3291 invicem
1008 3216 1162 3292 alterum

339 3327 469 3403 eadem
485 3327 575 3402 hora
591 3329 665 3403 cibi
691 3340 841 3416 servata,
868 3328 987 3405 donec
1014 3332 1195 3430 quatuord

339 3454 535 3518 transeant.
587 3441 692 3530 Quos
721 3443 786 3517 ubi
815 3445 965 3518 morbus
995 3447 1164 3535 excessit,

339 3555 533 3657 deposuit:
559 3579 615 3645 ac,
635 3556 664 3630 si
681 3569 817 3646 manet,
836 3557 1019 3633 curandus
1029 3558 1109 3658 jam
1122 3572 1164 3635 ut
1177 3560 1194 3634 l

340 3669 454 3757 Quod
478 3672 520 3759 si,
539 3694 614 3745 non
632 3696 706 3769 quo
724 3670 784 3743 die
810 3673 968 3768 primum
992 3672 1032 3745 id
1056 3672 1194 3763 incidit¹

337 3786 500 3873 accessit,
531 3781 597 3858 sed
620 3785 661 3869 is,
690 3785 753 3882 qui
779 3782 909 3858 cadere
940 3788 1140 3874 consuevit,
1176 3812 1194 3863 e

336 3907 417 3989 est3
444 3897 610 3993 protinus
637 3921 682 3970 eo
710 3921 845 3995 genere
872 3899 991 3972 victus
1017 3898 1152 3988 habito,
1188 3932 1194 3972 ι

336 4008 621 4105 comprehensus
638 4023 703 4097 est,
718 4013 987 4109 exspectandus
1004 4024 1059 4086 est
1075 4011 1162 4102 dies,
1182 4042 1194 4113 ς

335 4120 466 4214 batur3
485 4120 737 4222 utendumque
755 4137 835 4197 tum
852 4125 910 4199 vel
928 4128 1112 4225 sanguinis
1129 4130 1194 4203 mis

336 4233 509 4310 ductione
534 4235 616 4322 alvi,
643 4236 702 4310 vel
719 4238 824 4334 nigro
849 4251 1003 4328 veratro,
1031 4242 1126 4315 sicut
1150 4267 1195 4340 pr

335 4361 414 4424 est:
449 4349 725 4449 insequentibus
754 4349 887 4427 deinde
915 4352 1054 4440 diebus,
1085 4379 1151 4453 per
1180 4382 1195 4432 ε
