2858 5296
325 293 400 361 210
710 311 745 359 Α.
764 309 878 359 coru.
897 308 1003 361 cnam

328 509 393 560 rex
412 483 652 571 combustus·
662 502 700 559 et
716 485 812 560 bene
829 486 1021 573 contritus,
1036 493 1146 558 aceto

323 599 438 699 ject0.

166 740 281 802 aapuy.
382 720 445 788 22.
485 711 542 787 At
566 713 597 787 si
622 713 708 787 satis
733 712 880 812 sanguis
905 712 1013 800 subit,
1043 723 1146 787 recte

164 819 239 855 ''m“
333 826 432 927 quod
451 825 625 901 adversus
641 825 817 926 phymata
833 850 980 926 quoque
992 837 1124 925 potest.

331 940 410 1016 hist
435 937 572 1027 bdellii,
591 939 754 1038 styracis,
771 939 1000 1029 ammoniaci,
1017 936 1150 1038 galbau

333 1054 456 1129 aridae
472 1063 512 1129 et
531 1050 692 1152 liquidae
709 1051 853 1152 pineae,
880 1052 970 1129 item
996 1076 1044 1128 ex
1068 1050 1150 1128 lenti

334 1166 446 1253 iridis,
465 1163 693 1264 singulorum
710 1190 748 1264 p.
768 1196 814 1253 >c
832 1190 874 1240 11.

167 1294 210 1344 Ad
224 1291 297 1342 idem-
385 1287 445 1354 93.
475 1275 661 1378 Καρηνόδη
677 1303 765 1354 vero
782 1279 956 1381 phymata
967 1276 1150 1355 commode

335 1408 419 1469 tur:
445 1391 606 1491 galbani,
632 1393 733 1479 visci,
759 1384 987 1480 ammoniaci,
1014 1393 1150 1466 resinae

330 1532 412 1593 nae,
429 1505 659 1605 singulorum
673 1531 711 1606 p.
730 1537 776 1593 χ.
791 1529 816 1580 1.
831 1508 907 1582 sevi
924 1505 1054 1581 taurini
1069 1530 1106 1605 p.
1120 1529 1151 1579 s.

331 1621 461 1696 bustae
478 1645 589 1718 quam
608 1621 770 1695 maxima
796 1620 975 1720 portione,
1003 1619 1093 1693 dum
1109 1616 1151 1693 id

332 1732 455 1822 faciat,
475 1759 585 1834 quam
604 1759 682 1808 ease
699 1732 881 1832 malagma
897 1744 1050 1833 oportet

169 1875 209 1922 aa
222 1874 298 1938 mgr.
384 1854 446 1922 24.
474 1845 588 1936 Qu'od
605 1847 636 1921 si
652 1843 746 1921 facie
763 1858 919 1921 contusa
943 1845 1036 1919 livor
1052 1844 1151 1921 subet

167 1943 292 1992 ¹³⁸⁵⁰¹¹²¹¹”
336 1960 428 2035 haec
445 1961 662 2062 compositio
678 1972 788 2036 nocte
805 1971 843 2035 et
869 1960 928 2036 die
945 1962 1151 2060 impositae

335 2072 529 2160 tolochiae,
543 2073 736 2172 thapsiae,¹’
748 2073 974 2172 singulorum
988 2100 1023 2173 p.
1043 2104 1088 2161 χ.
1102 2098 1147 2148 11.

334 2189 438 2273 racis,
466 2188 686 2261 ammoniaci
709 2186 967 2287 thymiamatis
986 2187 1147 2287 galbani,

334 2298 414 2386 dae,
443 2311 481 2374 et
506 2324 553 2374 ex
578 2298 733 2375 lentisco
758 2298 931 2398 liquidae,
958 2300 1073 2375 thuris
1099 2325 1152 2375 ma

338 2411 519 2513 Illyricae,
546 2437 662 2499 cerae,
691 2412 918 2511 singulorum
944 2438 978 2513 p.
1010 2443 1055 2500 χ.
1074 2414 1123 2487 ἰν.

338 2551 486 2625 quoque
505 2526 672 2625 imposita
688 2526 843 2624 proficit.

171 2661 301 2725 ima.
389 2636 449 2701 Qo.
484 2627 579 2701 Sunt
603 2627 712 2701 etiam
740 2626 918 2724 quaedam
944 2626 1152 2725 malagmata

169 2729 268 2777 ‘'¹⁶¹¹m·
337 2739 609 2838 pmradGraeci
621 2754 765 2825 vocant,
780 2741 948 2839 quoniam
962 2740 1148 2839 aperiendi

338 2854 458 2942 Quale
477 2867 542 2941 est,
573 2853 672 2951 qnod
691 2879 736 2927 ex
755 2853 810 2926 his
828 2865 995 2927 constat:
1021 2853 1153 2952 piperis

334 2977 415 3040 niae
426 2969 523 3053 nitri,
539 2967 764 3063 singulorum
781 2993 816 3065 p.
834 2997 878 3053 ><.
894 2992 934 3039 11.
952 2969 1151 3066 erysimi⁶p

333 3104 419 3152 cum
448 3078 555 3152 melle
586 3081 798 3154 miscentur.
852 3080 1064 3178 Idoneaque
1094 3083 1153 3155 etia

331 3190 548 3286 aperiendae
566 3203 661 3265 sunt.
717 3192 805 3289 Ejus
822 3196 977 3288 generis,
998 3195 1151 3268 veheme

332 3304 388 3376 his
405 3317 460 3378 est
477 3303 526 3389 id,
555 3304 655 3403 quod
674 3303 783 3375 habet
801 3305 912 3380 calcis
932 3334 967 3406 p.
989 3339 1033 3394 )(.
1053 3332 1104 3381 rv.
1123 3311 1154 3407 pi

333 3444 409 3505 sex,
437 3420 533 3504 nitri,
562 3442 677 3504 cerac,
708 3418 934 3517 singulorum
953 3448 989 3521 p.
1010 3452 1054 3507 it·
1082 3448 1155 3495 x.r

334 3531 405 3606 olei
423 3532 616 3605 heminam.

168 3676 293 3725 Arriam.
386 3647 446 3719 ad.
475 3645 636 3720 Miconis
662 3670 809 3743 quoque
840 3660 906 3732 est,
943 3648 1042 3746 quod
1069 3649 1156 3723 reso]

335 3773 479 3856 purgat.
533 3759 659 3833 Habet
675 3759 896 3858 alcyonium,
917 3762 1081 3859 sulphur,
1099 3763 1155 3836 nit

333 3875 443 3958 cem,d
460 3874 607 3970 paribus
624 3875 851 3972 portionibus
866 3906 877 3966 ;
906 3876 1038 3973 quibus
1064 3887 1157 3949 tanti

332 4008 437 4059 cerae
454 3985 635 4083 adjicitur,
656 3997 697 4060 ut
715 3986 777 4059 liat
794 3989 906 4062 cerati
925 3988 1138 4062 crassitudo.

365 4157 378 4184 ⁸
393 4155 509 4220 Scilicet,
520 4156 581 4210 calx
594 4175 694 4211 reeens

365 4231 379 4268 ὴ
392 4239 522 4311 Thapsiae
535 4239 653 4305 villosae,
666 4249 694 4294 et
705 4241 830 4306 foetidae,
844 4243 872 4295 L.
888 4243 960 4297 succi
973 4243 1087 4314 spissati.

363 4326 375 4353 ⁶
387 4323 506 4395 Erysimi
519 4323 659 4377 officinalis
673 4325 703 4377 L.

363 4406 404 4443 ‘¹⁸‘
423 4410 548 4462 Couuuorr
556 4409 688 4476 peruice,''
701 4408 845 4475 Jaunsonr,
864 4411 943 4465 habet
961 4411 1051 4465 silicae
1071 4416 1113 4476 77,
1131 4411 1158 4464 nl

328 4493 431 4546 bonatis
443 4492 522 4546 sodae
535 4492 627 4555 nativi,
640 4500 667 4545 et
680 4500 799 4563 potassae
812 4501 838 4558 3,
849 4496 912 4547 ferri
927 4503 954 4548 et
968 4496 1120 4568 manganesi
1134 4497 1160 4549 fe

325 4578 459 4643 partibus.
494 4577 614 4630 Munna!
625 4578 846 4647 osMirrcrnlnsry,
859 4597 884 4648 p.
899 4585 958 4631 917.
