2858 5296
322 334 373 409 46
716 359 752 406 n.
771 355 884 407 cons.
902 356 1010 408 censs

323 533 442 607 acutis
456 531 593 607 morbis
609 528 758 608 fallaces
774 530 891 629 magis
909 543 1013 606 nutas
1029 554 1111 606 esse
1129 545 1168 606 et

160 803 276 869 sm„
318 658 470 834 mollll.
497 760 570 835 Sed
587 784 674 836 cum
691 702 940 860 preposuerim
957 758 1071 856 signa,
1091 783 1175 856 quat

158 870 478 1005 ffiffiadversa
502 873 714 952 valetudine
744 872 953 949 communia
979 897 1058 947 esse
1088 898 1176 947 cons

322 1010 369 1063 eo
386 1011 534 1088 quoque
552 989 721 1076 transibo,
740 1000 796 1074 ut,
815 1009 906 1085 quas
921 984 1051 1083 aliquis
1065 988 1104 1060 in
1121 988 1177 1076 sin

322 1103 454 1177 borum
487 1103 688 1201 generibus
726 1100 862 1174 habere
903 1101 1018 1198 possit
1059 1112 1177 1188 notas,

323 1215 515 1304 Quaedam
532 1228 658 1291 autem
676 1226 773 1302 sunt,
806 1237 901 1311 quae
926 1224 1012 1287 ante
1042 1211 1173 1301 febres,

321 1352 417 1427 quae
434 1331 530 1404 inter
545 1353 619 1416 eas,
637 1328 727 1427 quid
743 1340 808 1402 aut
824 1329 923 1401 intus
940 1327 997 1413 sit,
1018 1339 1083 1401 aut
1106 1351 1177 1402 ven

321 1442 534 1518 ostendunt.
586 1441 689 1517 Ante
706 1440 837 1528 febres,
856 1443 886 1514 si
904 1451 1017 1538 caput
1032 1465 1180 1538 graves

188 1564 193 1577 '
239 1572 241 1577 ’
322 1579 451 1631 somno
467 1555 566 1630 oculi
584 1555 755 1655 caligant,
774 1568 839 1628 aut
861 1553 1069 1653 frequentia
1095 1568 1181 1628 sterr

322 1681 419 1757 eunt,
438 1671 537 1744 circa
554 1683 667 1770 caput
683 1668 811 1767 aliquis
828 1670 983 1767 pituitae
999 1670 1158 1767 impetus
1175 1682 1182 1740 t

318 1794 406 1858 test.
459 1782 497 1858 Si
514 1786 672 1884 sanguis,
688 1796 753 1857 aut
769 1781 868 1856 calor
884 1780 1058 1868 abundat,
1085 1783 1183 1879 proxi

320 1908 365 1970 ut
381 1895 504 1995 aliqua
520 1913 623 1997 parte
648 1897 868 1996 profluvium
895 1895 1080 1992 sanguinis
1109 1893 1183 1969 fiet.

315 2033 431 2084 causa
446 2013 528 2108 quis
545 2012 769 2097 emacrescit,
789 2033 836 2083 nc
853 2010 890 2081 in
909 2009 1046 2081 malum
1064 2007 1185 2082 habitu

320 2121 399 2222 ejus
416 2123 567 2211 recidat,
595 2136 716 2198 metus
731 2134 798 2197 est
851 2121 889 2194 Si
913 2120 1127 2220 praecordia
1151 2120 1186 2195 dt

311 2237 460 2312 inflatio
476 2238 596 2335 gravis
612 2250 679 2324 est,
698 2249 763 2310 aut
779 2247 859 2309 toto
876 2234 935 2307 die
961 2258 1036 2308 non
1062 2258 1187 2309 concur

317 2351 438 2438 urina,
451 2349 669 2425 cruditatem
687 2374 765 2423 esse
782 2346 1016 2422 manifestum
1035 2360 1101 2423 est
1153 2347 1188 2437 Q

321 2462 423 2538 color
439 2465 517 2538 sine
535 2464 665 2538 morbo
681 2463 783 2561 regio
800 2461 916 2536 malus
934 2476 1000 2549 est,
1019 2460 1058 2534 hi
1076 2459 1134 2534 vel
1160 2486 1189 2536 cr

319 2576 458 2653 loribus
485 2576 754 2664 conflictantur,
780 2577 838 2649 vel
860 2587 993 2649 terram
1019 2574 1149 2649 edunt

313 2689 456 2768 babent
473 2691 604 2767 faciem
623 2691 794 2791 pallidam
812 2702 850 2764 et
866 2688 1057 2775 tumidam,
1077 2700 1142 2762 aut
1164 2712 1191 2761 ci

318 2807 531 2893 visceribus,
551 2819 615 2880 aut
632 2808 714 2880 alvo
731 2805 909 2879 laborant.
966 2802 1004 2875 Si
1022 2804 1060 2874 in
1079 2801 1193 2875 contii

320 2942 436 3014 puero
461 2932 590 2992 venter
609 2919 698 2992 nibil
722 2919 854 3003 reddit,
874 2927 1110 3013 mutaturque
1125 2915 1161 2987 ei
1181 2939 1194 2989 t

322 3053 394 3126 que
408 3054 557 3103 somnus
574 3033 729 3117 accedit,
749 3033 940 3129 ploratque
957 3032 987 3102 is
1004 3028 1158 3115 assidue,
1177 3053 1195 3101 u

321 3166 517 3216 nervorum
542 3141 714 3215 distentio
740 3155 804 3216 est.
857 3142 1044 3240 Frequens
1069 3154 1193 3216 autent

321 3256 374 3328 tio
391 3257 427 3328 in
446 3279 598 3353 corpore
617 3257 718 3329 tenui
736 3254 932 3351 longoque,
945 3256 1067 3329 tabem
1088 3257 1198 3330 timcu

321 3381 487 3444 testatur.

312 3517 313 3520 ¹
372 3483 448 3558 Ubi
464 3482 629 3582 pluribus
648 3480 777 3554 diebus
795 3505 869 3554 nun
888 3481 1079 3557 descendit
1106 3483 1201 3556 alvm

312 3610 385 3673 aut
412 3597 568 3673 subitam
596 3594 850 3694 dejectionem,
887 3610 952 3670 aut
979 3596 1196 3670 febriculam

319 3711 399 3787 'Ubi
426 3711 539 3813 pedes
570 3722 731 3807 turgent,
761 3709 893 3808 longae
922 3710 1145 3809 dejectiones
1172 3735 1205 3784 su

309 3823 426 3899 dolor
442 3828 479 3899 in
499 3827 575 3898 imo
597 3836 724 3898 ventre
742 3837 780 3898 et
798 3825 900 3898 coxis
917 3839 984 3911 est,
1013 3849 1107 3922 aqua
1132 3826 1205 3899 inte

309 3940 441 4012 instat.
490 3936 569 4011 Sed
596 3937 666 4011 boc
693 3939 809 4012 morbi
836 3963 954 4035 genus
981 3938 1026 4011 ab
1044 3937 1152 4012 ilibus
1170 3962 1206 4011 or

308 4051 429 4126 ·Idem
447 4051 672 4150 propositum
690 4051 895 4150 periculum
909 4065 965 4125 est
981 4053 1036 4138 iis,
1058 4051 1192 4148 quibus

311 4163 512 4241 desidendi
542 4176 608 4251 est,
633 4178 762 4239 venter
791 4163 882 4236 nibil
911 4165 1043 4251 reddit,
1073 4166 1142 4237 nisi
1159 4175 1198 4239 et

322 4281 469 4367 durum,
487 4291 610 4351 tumor
626 4281 664 4350 in
682 4277 835 4377 pedibus
849 4290 915 4364 est,
930 4278 1100 4375 idemque
1113 4277 1213 4351 mod(

313 4395 433 4472 modo
449 4393 593 4469 sinistra
617 4404 720 4492 parte
743 4391 890 4476 ventris,
922 4392 1081 4465 inuicem
1111 4392 1214 4466 oritur
