2858 5296
431 748 648 801 nemorosa
663 749 739 802 rm.
759 752 815 802 111.
1072 745 1143 811 108

135 919 175 995 ad
193 945 265 997 eum
280 920 419 1022 dirigere
441 926 670 1001 curationem
685 957 698 1018 ;
730 951 796 1001 seu
812 944 1008 1026 supersunt
1030 936 1142 1022 vires,

136 1056 190 1107 reu
207 1034 323 1121 derrrnt,
340 1060 404 1113 seu
436 1036 588 1137 quidam
614 1039 676 1113 alii
703 1038 858 1115 affectus
883 1043 1139 1124 interveniunt.

138 1144 297 1225 Cnmrero
311 1174 455 1250 semper
478 1176 609 1250 aegros
631 1176 779 1226 securos
803 1178 913 1251 agere
935 1163 1138 1247 conveniat,

139 1272 471 1363 monumemtum,
491 1288 567 1339 non
584 1266 694 1341 etiam
711 1267 835 1339 animo
851 1267 1018 1343 laborent
1033 1296 1043 1343 z
1061 1284 1141 1346 tum

137 1378 284 1478 pampus
308 1378 375 1454 ubi
405 1380 533 1454 cibum
560 1392 778 1454 sumserunt.
834 1378 980 1479 Itaque,
1011 1384 1042 1455 si
1071 1409 1143 1482 qua

135 1501 200 1577 nrt
218 1517 305 1593 qnae
328 1504 593 1593 exasperatura
620 1517 746 1567 eornm
771 1493 912 1567 animos
934 1508 1032 1582 sunt,
1052 1499 1144 1594 opti·

132 1622 198 1677 nnn
209 1622 270 1693 est,
283 1631 339 1693 en,
359 1605 452 1680 dum
468 1620 672 1704 aegrotant,
688 1630 816 1680 eornm
833 1608 985 1681 notitiae
1003 1609 1143 1683 subtra-

129 1709 204 1790 bre:
225 1720 256 1793 si
278 1718 318 1792 id
344 1717 425 1793 fieri
443 1742 521 1793 non
545 1731 676 1817 potest,
702 1722 880 1794 sustinere
901 1733 1024 1795 tamen
1058 1735 1143 1821 post

76 1850 82 1937 ᾗ
128 1826 211 1905 obum
222 1856 336 1931 usque
354 1834 477 1906 somni
494 1845 649 1933 tempus,
667 1847 806 1909 etcum
824 1837 1030 1933 experrecti
1039 1850 1137 1921 sunt,

76 1946 78 1987 ¹
127 1950 378 2044 umexponere.

76 2046 79 2127 ζ
157 2052 214 2131 VI.
236 2057 306 2133 Sed
321 2057 371 2132 de
388 2057 476 2132 cibo
493 2058 641 2156 quidem
658 2056 800 2131 facilior
813 2080 897 2132 cum
914 2061 1031 2156 aegris
1048 2060 1141 2134 ratio
1151 2073 1303 2154 berannen-

131 2176 184 2253 ας
204 2194 350 2268 qnorum
366 2195 479 2270 saepe
496 2170 703 2246 stomachus
720 2170 820 2244 bunc
838 2172 988 2269 respuit,
997 2173 1137 2245 etiamsi
1147 2156 1271 2263 32?

132 2298 208 2354 um
231 2286 473 2383 oonorspiscit:
497 2284 546 2358 de
574 2286 724 2384 potione
752 2308 841 2357 vero
865 2284 994 2380 iugens
1016 2307 1143 2383 pugna

129 2402 188 2485 nt,
206 2418 314 2495 eoque
328 2399 460 2497 magis,
473 2423 548 2495 quo
560 2397 674 2496 major
683 2396 793 2471 febris
807 2408 873 2471 est.
926 2394 1033 2471 Haec
1045 2399 1144 2471 enim

125 2505 195 2581 r't‘n
215 2510 393 2599 accendit,
416 2526 457 2586 et
482 2524 562 2586 tum
579 2512 737 2585 maxime
753 2536 886 2611 aquam
909 2512 1035 2610 exigit,
1056 2536 1143 2585 cum

122 2614 165 2692 ib
178 2624 481 2721 periculosissima
505 2636 571 2698 est
624 2622 696 2698 Sed
717 2622 905 2698 docendus
936 2649 1046 2723 aeger
1076 2636 1143 2708 est,

122 2731 166 2806 ui
180 2734 284 2811 febris
311 2738 505 2835 quieverit,
529 2738 695 2836 protinus
718 2738 814 2811 sitim
839 2762 986 2834 quoque
1004 2737 1147 2833 quietu-

119 2866 194 2933 nm3
220 2848 500 2947 longioremque
524 2850 770 2924 accessionem
804 2849 895 2935 fore,
927 2851 956 2920 si
985 2845 1086 2944 quod
1114 2848 1147 2918 ei

118 2956 221 3034 datum
237 2962 351 3037 fuerit
367 2962 604 3039 alimentum:
634 2964 684 3035 ita
711 2961 862 3034 celerius
881 2983 966 3032 eum
984 2959 1149 3031 desinere

119 3071 209 3160 titire,
218 3077 281 3173 qui
295 3100 371 3150 non
385 3076 489 3150 bibit
523 3075 684 3149 Necesse
698 3087 755 3147 est
767 3087 901 3157 tamen,
918 3081 1055 3167 quanto
1064 3068 1152 3142 faci·

120 3177 177 3256 lina
192 3189 295 3259 etiam
309 3190 389 3261 sani
404 3187 549 3274 famem,
570 3211 681 3285 quam
704 3187 800 3258 sitim
827 3184 1018 3269 sustinent,
1048 3195 1148 3255 tanto

122 3299 338 3398 magisoegris
349 3304 390 3375 in
402 3304 562 3400 potione,
576 3324 685 3399 quam
698 3301 736 3371 in
750 3298 832 3371 cibo
844 3295 1044 3394 indulgere.
1074 3295 1146 3369 Sed

119 3411 222 3506 primo
246 3414 389 3511 quidem
411 3415 470 3488 die
501 3415 624 3488 nullus
654 3413 787 3486 humor
809 3412 888 3484 dari
913 3410 1049 3502 debet;
1076 3410 1144 3483 nisi

117 3523 222 3599 subito
232 3529 285 3601 sic
295 3552 409 3602 venae
423 3528 721 3612 concideruntut
731 3526 833 3599 cibus
839 3549 985 3623 quoque
995 3524 1074 3599 dari
1086 3525 1147 3597 de·

116 3632 208 3713 ber:
233 3641 397 3715 secundo
414 3666 511 3728 vero,
532 3644 733 3738 ceterisque
752 3640 872 3724 etiam,
891 3640 1024 3736 quibus
1042 3640 1146 3712 cibus

116 3770 176 3823 non
190 3751 347 3839 dabitur,
364 3767 498 3841 tamen,
514 3755 544 3827 si
556 3778 688 3852 magna
701 3753 776 3826 sitis
796 3753 951 3849 urgebit,
970 3755 1072 3850 potio
1086 3751 1146 3823 da-

118 3861 274 3963 ripotest.
327 3866 388 3940 Ac
412 3890 458 3941 ne
485 3866 575 3940 illud
599 3864 758 3964 quidem,
787 3867 832 3938 ab
858 3864 1057 3938 Heraclide
1076 3863 1148 3937 Ta·

119 3978 243 4052 rmtino
258 3978 413 4067 dictum,
432 3982 571 4053 ratione
588 3991 709 4054 caret:
735 3979 798 4051 ubi
816 3991 879 4051 aut
893 3976 973 4050 bilis
984 4000 1146 4073 aegrum,

120 4091 342 4166 autemditas
358 4094 451 4167 male
469 4093 589 4177 habet,
615 4091 788 4190 expedire
812 4113 959 4187 quoque
983 4113 1048 4185 per
1072 4112 1148 4162 mo·
1188 4168 1193 4177 ,

118 4196 204 4275 dims
217 4207 384 4303 potiones
401 4208 543 4280 misceri
568 4229 701 4279 novam
728 4207 914 4278 materiam
942 4214 1145 4300 corruptae.

115 4310 201 4391 illud
217 4317 417 4392 videndum
440 4334 505 4407 est,
526 4333 569 4394 ut
593 4320 715 4419 qualia
740 4334 903 4416 tempora
920 4319 1001 4391 cibo
1022 4317 1149 4416 legun-

112 4440 174 4514 tur,
201 4429 287 4504 talia
308 4435 449 4530 potioni
475 4459 633 4532 quoque,
665 4435 727 4507 ubi
754 4434 830 4505 siue
853 4432 914 4503 illo
938 4432 1056 4517 datur,
1088 4429 1149 4502 de-

110 4538 260 4639 ligantur
275 4575 286 4636 ;
304 4564 370 4620 aut
383 4572 466 4621 cum
480 4573 630 4645 aegrum
646 4547 803 4620 dormire
816 4547 1003 4644 cupiemus
1019 4574 1030 4635 3
1051 4542 1150 4640 quod

108 4654 179 4729 fere
195 4659 271 4732 sitis
288 4659 465 4752 prohibet.
519 4663 611 4736 Satis
629 4675 752 4736 autem
770 4663 951 4745 convenit,
971 4683 1056 4732 cnm
1075 4679 1247 4731 our-runo

107 4770 210 4844 nibus
228 4771 515 4850 febricitantibus
540 4778 671 4851 nimius
690 4775 820 4849 humor
837 4772 975 4849 alicnus
993 4771 1049 4853 sit,
1069 4765 1258 4866 turnffl‘
