2858 5296
352 327 401 403 94
728 343 763 390 n.
783 341 895 390 cons.
916 337 1023 391 cassi

349 534 504 617 tegrum,
532 518 639 592 tertio
663 514 769 590 redit.
821 512 991 590 Alterum
1014 510 1181 611 longept

349 632 449 730 quod
465 633 574 707 tertio
585 629 734 730 quidem
751 628 811 702 die
829 629 1029 714 revertitur,
1044 649 1094 700 ex
1111 636 1180 700 oca

349 745 591 844 quadraginta
608 744 705 817 horis
720 741 797 816 fere
814 765 879 816 sex
895 753 934 815 et
957 740 1107 839 triginta
1130 758 1179 838 pe

349 876 436 932 nem
454 869 621 958 occupat,
649 855 831 930 interdum
849 856 959 930 etiam
973 853 1034 929 vel
1049 854 1178 941 minus¹

351 994 473 1070 neque
496 994 546 1045 ex
570 981 649 1044 toto
673 971 711 1041 in
737 969 946 1043 remissione
974 967 1126 1055 desistit,
1161 988 1177 1040 s

352 1083 468 1159 levius
484 1097 550 1158 est
603 1080 649 1155 Id
673 1105 790 1180 genus
805 1079 1116 1181 pleriqueunedici
1128 1081 1176 1178 rip

258 1205 264 1220 '
282 1207 305 1256 ἱ·
352 1196 502 1297 pellant.
555 1193 800 1283 Quotidianae
815 1219 903 1269 vero
919 1198 1038 1268 variae
1056 1205 1176 1279 sunt,r

351 1334 425 1385 ces.
478 1307 585 1382 Aliae
601 1307 699 1382 enim
716 1309 883 1405 protinus
899 1332 921 1381 a
945 1306 1065 1382 calore
1089 1306 1175 1406 inciq

351 1448 373 1496 a
389 1421 534 1520 frigore,
551 1420 642 1494 aliae
659 1422 704 1495 ab
723 1420 882 1496 horrore.
934 1418 1064 1519 Frigus
1080 1443 1174 1493 voco

349 1559 431 1610 mae
447 1546 568 1633 partes
581 1535 828 1609 membrorum
845 1533 1098 1632 inalgescunt:
1117 1532 1174 1606 hor

349 1659 467 1722 totum
484 1670 618 1746 corpus
635 1648 809 1722 intremit.
860 1647 1003 1720 Rursus
1018 1645 1110 1719 aliae
1136 1645 1173 1718 sir

348 1771 392 1835 ut
409 1784 457 1835 ex
474 1772 554 1835 toto
571 1771 744 1858 sequatur
759 1761 970 1858 integritas:
997 1757 1088 1833 aliae
1105 1759 1169 1845 sic,

348 1885 429 1949 tum
446 1873 596 1972 quidem
613 1875 797 1947 minuatur
812 1897 860 1947 ex
876 1871 990 1959 febre,
1017 1870 1172 1945 nihilomi

349 1987 529 2084 quaedam
546 1986 719 2085 reliquiae
735 1998 956 2073 remaneant,
971 1985 1090 2059 donec
1107 1984 1172 2060 altr

346 2098 522 2172 accedat:
545 2122 591 2172 ac
608 2122 716 2197 saepe
731 2098 821 2172 aliae
838 2100 902 2171 vix
919 2098 1120 2197 quidquam
1136 2122 1171 2173 as

346 2211 505 2298 mittant,
524 2209 590 2284 sed
605 2212 657 2286 ita
676 2225 719 2286 ut
743 2212 969 2286 continuent
1023 2210 1171 2285 Deinde

346 2346 471 2398 vorem
496 2323 684 2421 ingentem
719 2322 866 2410 habent,
901 2323 992 2398 aliae
1023 2323 1170 2399 tolerabi

347 2435 511 2535 quotidie
528 2460 632 2534 pares
657 2449 752 2523 sunt,
778 2436 868 2510 aliae
893 2438 1074 2535 impares;
1102 2449 1170 2538 atq]

349 2547 464 2623 altero
477 2547 537 2622 die
554 2547 719 2636 leniores,
732 2548 845 2624 altero
857 2549 1147 2625 vehementiores
1163 2577 1170 2624 :

348 2684 438 2760 pore
462 2661 592 2736 eodem
617 2662 789 2761 postridie
815 2675 1056 2751 revertuntur,
1083 2662 1169 2737 aliae

348 2774 407 2848 vel
433 2774 611 2849 celerius:
638 2774 729 2849 aliae
754 2775 850 2850 diem
877 2788 1099 2875 noctemque
1125 2801 1169 2851 ac

348 2885 558 2961 decessione
583 2889 745 2986 implent,
772 2889 862 2963 aliae
889 2892 1020 2977 minus,
1039 2890 1129 2963 aliae
1155 2915 1169 2989 1

347 3021 432 3070 cum
450 2997 646 3087 decedunt,
666 3001 835 3074 sudorem
852 3014 1013 3089 movent,
1028 3001 1118 3075 aliae
1135 3027 1169 3075 nr

346 3120 457 3205 atque
482 3109 568 3182 alias
593 3135 659 3208 per
684 3112 852 3186 sudorem
879 3114 926 3187 ad
961 3116 1169 3212 integritate

347 3220 433 3294 alias
450 3246 583 3320 corpus
596 3237 739 3297 tantum
752 3227 967 3299 imbecillius
978 3228 1154 3322 redditur.

348 3357 413 3408 nes
427 3335 548 3421 etiam,
561 3335 671 3409 modo
685 3338 848 3435 singulae
860 3339 1011 3437 singulis
1026 3340 1154 3414 diebus

348 3447 454 3522 binae
472 3447 639 3546 pluresve
656 3464 901 3525 concurrunt:
929 3477 976 3526 ex
995 3478 1069 3550 quo
1086 3478 1169 3553 saep

350 3560 512 3659 quotidie
530 3560 651 3660 plures
668 3565 892 3638 accessiones
903 3569 1169 3666 remissionesqs

351 3686 484 3762 tamen,
503 3686 546 3750 ut
563 3698 802 3775 unaquaeque
820 3678 928 3752 alicui
945 3682 1056 3778 priori
1072 3706 1169 3779 respr

351 3787 496 3862 terdum
514 3813 599 3864 vero
618 3793 842 3865 accessiones
867 3818 1014 3891 quoque
1031 3793 1168 3869 consuo

350 3911 392 3973 ut
409 3904 526 3975 notari
543 3927 662 4001 neque
687 3917 852 4003 tempora
869 3931 1005 3995 earum,
1033 3932 1153 4006 neque

189 4029 280 4110 raom
293 4029 324 4079 an
348 4014 433 4086 sint.
486 4013 618 4114 Neque
635 4041 762 4090 verum
781 4030 845 4104 est,
866 4020 965 4117 quod
978 4020 1112 4095 dicitur
1128 4045 1150 4094 a
1167 4055 1171 4088 ι

189 4099 327 4214 m
351 4123 486 4199 nullam
503 4124 642 4202 febrem
660 4131 900 4207 inordinatam
914 4159 1002 4222 esse,
1021 4136 1090 4208 nisi
1106 4147 1170 4210 aut

188 4246 284 4349 {325¹
294 4233 343 4284 πὶ·
351 4250 415 4313 aut
430 4264 478 4313 ex
495 4239 789 4331 inflammatione,
810 4265 874 4318 ant
899 4271 946 4320 ex
972 4247 1118 4322 ulcere:
1146 4246 1172 4322 fa

352 4374 493 4453 semper
509 4357 649 4430 curatio
665 4354 770 4446 foret,
785 4359 816 4432 si
833 4358 902 4434 hoc
913 4385 1040 4436 verum
1053 4372 1158 4439 esset.
