2858 5296
287 718 503 773 armentar
520 720 597 774 rra.
617 726 652 775 v.
930 710 1001 779 211

89 896 249 975 Adonea
270 909 396 973 autem
413 894 657 999 Aristogenis,
683 900 726 975 tit
741 924 790 976 ex
814 900 894 977 iriae
921 904 1130 979 aul-amm

89 1038 189 1115 px.
206 1034 234 1087 1.
250 1011 392 1087 resinae
416 1012 696 1102 terebinthinae,
721 1014 810 1091 nitri
833 1038 996 1115 mamae,

89 1124 294 1227 :ilapariis
317 1124 510 1214 interioria,
536 1124 681 1227 plumbi
702 1124 1001 1231 eloti,·ringuio·
1025 1158 1032 1177 ⁸

93 1268 142 1329 κ.
159 1262 204 1316 rr.
221 1236 339 1317 thuris
363 1236 528 1339 firligiuir
544 1262 583 1340 p.
602 1266 649 1327 ›t-
666 1264 751 1315 vur.
768 1240 1001 1329 ficusaridae

89 1354 341 1455 inguissimae,
368 1352 446 1429 sevi
469 1355 616 1443 taurini,
642 1355 874 1454 singulorum
890 1380 928 1457 p.
951 1386 999 1447 κ.

89 1462 1000 1569 nep.‚(.111.indisMaoadonicaep.xame-

89 1577 409 1659 eriaoeutulum.
1190 1620 1195 1625 ·

89 1692 322 1794 llaaimeque
337 1692 461 1767 nervia
482 1702 521 1769 et
536 1692 697 1770 articulis
712 1692 896 1795 malagma
906 1718 998 1771 ··con
1005 1702 1150 1757 arasa..

100 1804 226 1907 Igitur
240 1804 440 1907 Euthyclei
463 1816 531 1893 est,
556 1806 667 1883 etad
690 1806 875 1897 artimrlos,
893 1820 934 1885 et
947 1768 1049 1885 adh*

111 1918 291 2008 dolorem,
319 1932 359 1997 et
378 1918 428 1995 ad
444 1921 601 2009 vesicae,
619 1920 724 1997 etad
747 1923 887 1999 recenti
903 1922 998 1999 cica-

89 2046 250 2111 nuactm
262 2033 447 2122 articulos,
459 2058 551 2134 quas
563 2034 717 2130 ἀγκύλας
732 2032 871 2111 Graeci
882 2036 1000 2111 nomi·

89 2149 290 2237 mveniem,
310 2146 411 2247 quod
427 2146 539 2223 habet
554 2146 721 2245 fuliginis
737 2146 854 2225 thuris
878 2158 1000 2225 aceta-

101 2258 236 2337 rainae
253 2258 483 2351 tantundem,
493 2258 640 2360 galbani
654 2262 736 2337 sine
751 2260 910 2337 surculis
925 2284 998 2337 aes·

89 2392 127 2463 Ι,
141 2374 370 2463 ammoniaci,
395 2372 535 2463 bdellii,
563 2374 790 2474 singulorum
806 2400 844 2479 p.
859 2402 920 2450 τε.
938 2398 999 2453 ce-

89 2508 114 2563 r.
164 2486 230 2563 Ad
257 2486 406 2563 eosdem
434 2486 594 2585 digitos:
622 2488 735 2580 iridis,
766 2490 998 2579 ammoniaci,

89 2600 211 2689 ,nitri
224 2600 455 2701 singulorum
468 2624 505 2701 p.
526 2624 664 2688 )‹.x1v.
682 2603 823 2681 resinae
835 2602 998 2703 liquidae

89 2736 236 2789 uectae
253 2740 287 2813 p.
307 2745 353 2802 χ.
374 2737 454 2787 xv1.

89 2826 147 2903 td
171 2826 315 2902 dolores
340 2826 576 2903 anniculorum
602 2828 827 2928 Sosagorae:
854 2826 1126 2929 plumbiarirom·

89 2941 135 3027 ti,
161 2943 351 3042 papaveris
374 2939 556 3027 lacrimae,
584 2942 732 3017 corticis
756 2938 999 3041 hyoscyami,b

89 3054 355 3155 tpeucednni,⁶
370 3055 456 3143 sevi,
481 3056 634 3143 resinae,
661 3078 769 3130 cerae
783 3077 890 3155 pares
915 3078 1000 3156 por·

89 3278 301 3383 :hrysippiz
328 3280 469 3357 resinae
481 3278 653 3379 liquidae,
669 3279 923 3370 sandarachae,
941 3281 1128 3382 pi-aarrm

89 3394 295 3497 'mgnlorum
311 3419 348 3496 p.
367 3420 415 3481 >t-
433 3418 504 3468 xri.
531 3393 665 3493 quibus
682 3418 789 3473 cerae
804 3393 996 3496 paululum

89 3532 121 3583 r.

89 3618 351 3722 ttaiphontis:
371 3646 476 3699 cerae
487 3621 668 3711 Creticae,
683 3621 824 3699 resinae
837 3623 1129 3699 tenebimus...

101 3736 191 3811 nitri
207 3760 318 3835 quam
346 3735 565 3823 ruberrimi,d
581 3734 807 3835 singulorum
825 3759 862 3836 p.
876 3760 906 3810 s.
924 3735 1005 3811 olei-

89 3860 171 3925 uer.
214 3846 290 3925 Sed
304 3848 345 3924 id
362 3850 500 3925 nitrum
516 3860 602 3924 ante
619 3875 685 3948 per
696 3849 873 3935 triduum,
886 3849 1000 3924 instil-

89 3986 140 4051 ra,
166 3964 309 4052 teritur,
337 3976 375 4040 et
400 3987 486 4038 cum
503 3964 660 4039 sextario
675 3962 758 4064 ejus¹
775 3963 998 4061 incoquitur,

89 4078 206 4153 omnis
236 4075 370 4153 humor
400 4074 828 4191 consumatunffotest
845 4099 933 4151 vero
957 4102 1001 4154 ea

89 4278 157 4343 hu,
174 4274 206 4331 in
224 4275 355 4333 mortario
375 4277 502 4351 plumbeo
520 4294 583 4333 oum
603 4274 1001 4352 pistilloplumbeasqmooe

89 4360 189 4437 paritr,
199 4360 322 4427 terendo,
337 4361 390 4417 hoc
407 4361 496 4417 tiebat.
531 4371 611 4434 Aqua
627 4359 721 4416 eodem
732 4358 842 4416 coelesti
854 4360 1001 4427 lavabatur,

89 4446 205 4503 tamn·
217 4463 392 4520 cernensque
403 4447 491 4502 simile
502 4465 557 4504 non
569 4446 684 4519 amplius
695 4464 792 4518 aquam
809 4446 1001 4503 decoloraret.”

89 4532 153 4587 tum
165 4530 269 4586 elotum
285 4530 315 4585 in
327 4531 442 4587 linteum
454 4533 587 4597 manebat,
604 4537 633 4585 et
644 4531 757 4587 fortasse
768 4531 896 4585 carbones
913 4529 1004 4603 plum·

89 4634 113 4671 rr
124 4616 314 4689 imperfectum
330 4616 510 4673 constituerit.
545 4615 642 4671 Drosc
653 4632 680 4669 r.
692 4619 735 4668 ⁵0.
754 4612 834 4668 Pam.
848 4614 948 4667 xxxiv.
964 4617 1004 4666 18.

89 4700 169 4773 qumi
181 4699 253 4773 nigri
265 4700 297 4755 L.
525 4702 537 4732 ⁶
550 4696 704 4754 Peucedani
716 4695 856 4752 officinalis
869 4697 900 4750 L.

89 4802 114 4840 ι
125 4785 239 4840 rutrum
250 4783 385 4841 reteribm
398 4786 539 4859 Aegyptus
549 4780 681 4858 praebuit.
717 4778 802 4835 Pars.
815 4778 893 4833 xxxi.
910 4783 951 4832 10.
