2858 5296
320 269 392 344 162
689 294 725 342 a.
746 293 858 343 conn.
877 293 989 345 cnasr

187 560 192 571 ,
316 469 450 545 austeri
466 465 850 567 cyathus-assumtus,
878 468 966 543 dum
993 472 1040 544 ne
1065 465 1196 569 amplis·

316 584 494 682 terposito
511 592 675 681 tempore
692 579 827 680 aliquo,
853 606 963 680 quam
980 592 1036 656 ter
1052 594 1119 656 aut
1136 607 1194 680 qur

316 699 404 771 item
422 695 545 771 laseris
557 719 668 793 quam
686 696 814 794 optimi
831 694 982 795 paulum
999 693 1193 770 devorare·

315 811 415 910 porri
432 809 492 885 vel
507 808 682 882 marrubii
696 832 848 882 succum
862 831 1045 882 assumere
1059 837 1076 901 ς
1100 807 1191 885 scilh

315 947 431 1023 gere,
447 936 592 999 acetum
609 945 659 996 ex
674 945 728 1008 ea,
742 921 801 995 vel
820 935 921 997 certe
934 944 1018 996 acre
1030 921 1190 1010 sorbere.

317 1039 417 1137 spica
434 1037 508 1111 allii
524 1036 671 1111 contriti
694 1034 787 1108 duos
811 1035 888 1109 uini
905 1034 1070 1134 cyathos.
1122 1033 1189 1110 Uti

317 1151 355 1223 in
373 1151 473 1224 omni
490 1149 580 1224 tussi
596 1160 651 1222 est
669 1148 923 1246 peregrinatio,
946 1148 1132 1247 navigatio
1151 1144 1187 1221 lo

319 1265 509 1351 maritima,
548 1261 752 1335 natationes
771 1289 788 1336 ι.
822 1261 926 1335 cibus
950 1260 1137 1337 interdum
1163 1283 1186 1334 n

318 1377 447 1464 malva,
473 1387 516 1450 ut
532 1376 679 1467 urtica;
703 1373 888 1449 interdum
905 1399 1009 1462 acer,
1027 1387 1070 1449 ut
1094 1373 1154 1450 lac
1178 1401 1185 1444 ι

318 1502 467 1566 coctum
484 1518 495 1565 ι
522 1490 748 1576 sorbitiones,
768 1488 902 1586 quihus
917 1486 1011 1563 laser
1028 1489 1075 1563 sit
1091 1486 1184 1587 adjos

316 1605 355 1677 in
374 1603 507 1702 quibus
520 1627 669 1703 porrum
687 1603 874 1676 incoctum
891 1601 1073 1676 tabuerit:
1101 1623 1183 1675 oven

318 1716 494 1816 sulphure
523 1715 695 1816 adjecto:
722 1716 826 1814 potui
854 1716 1012 1814 primum
1040 1738 1138 1812 aqua
1154 1737 1182 1787 ca

316 1831 403 1906 inde
420 1832 577 1907 invicem
594 1829 672 1904 aliis
690 1829 821 1903 diebus
838 1829 941 1917 haec,
961 1829 1041 1902 aliis
1057 1829 1181 1902 vinum

271 2013 274 2017 ,
367 1954 401 2020 5.
430 1945 554 2044 Magis
570 1944 697 2019 terreri
723 1953 846 2041 potest
869 1942 1017 2041 aliquis,
1041 1965 1126 2016 cum
1158 1965 1180 2016 s

212 2048 241 2098 ’·
316 2063 488 2162 exspuit:
516 2059 581 2135 sed
609 2058 649 2132 id
675 2058 787 2132 modo
816 2060 947 2144 minus,
976 2056 1086 2132 modo
1111 2056 1177 2158 plu

157 4130 290 4180 Treshae-

155 4214 222 4246 marr

156 4280 211 4326 spec

315 2173 437 2249 habet
490 2172 581 2247 Exit
604 2170 716 2245 modo
743 2193 793 2245 ex
821 2173 992 2270 gingivis,
1020 2169 1131 2245 modo
1155 2194 1178 2248 e

316 2287 465 2388 quidem
493 2310 540 2361 ex
567 2284 639 2360 hoc
669 2285 855 2359 interdum
883 2287 994 2360 etiam
1024 2288 1177 2385 copiose,

315 2402 417 2489 tussi,
435 2402 512 2475 sine
529 2397 664 2488 ulcere,
682 2400 759 2474 sine
776 2401 1009 2499 gingivarum
1027 2400 1104 2476 ullo
1122 2403 1176 2478 vit

316 2514 408 2589 nihil
424 2524 660 2589 exscreetur:
692 2538 819 2587 verum
848 2525 890 2588 ut
919 2539 971 2587 ex.
992 2516 1139 2589 naribus
1165 2540 1175 2590 a

317 2631 370 2705 sic
404 2653 453 2704 ex
487 2653 549 2703 ore
582 2629 798 2727 prorumpit
853 2627 980 2726 Atque
1015 2628 1174 2703 interdur

317 2743 477 2842 profluit,
492 2741 678 2818 inter-dum
694 2740 808 2815 simile
822 2767 937 2839 aquae
952 2741 1138 2839 quiddam,
1152 2744 1173 2815 ir

317 2882 445 2931 recens
462 2856 537 2932 lota
553 2869 618 2932 est.
670 2857 946 2955 Nonnunquam
972 2868 1094 2931 autem
1122 2858 1152 2930 is

316 2968 483 3043 faucibus
510 2969 637 3055 fertur,
665 2970 777 3045 modo
802 2970 1010 3045 exulcerata
1040 2996 1084 3044 ea
1109 2995 1171 3069 par

316 3104 391 3153 non
420 3079 659 3171 exulcerata3
696 3082 761 3155 sed
795 3096 859 3157 aut
893 3110 955 3158 ore
982 3109 1098 3159 venae
1133 3083 1171 3158 al

317 3205 455 3291 apert0,
482 3204 547 3266 ant
564 3193 764 3267 tuberculis
790 3197 1009 3291 quibusdam
1040 3199 1145 3284 natis,

319 3305 495 3403 sanguine
506 3318 731 3403 erumpente.
769 3308 882 3393 Quod
896 3311 959 3382 uhi
973 3311 1112 3399 incidit,
1132 3336 1169 3386 n<

318 3420 421 3519 potio
437 3412 502 3492 aut
518 3418 632 3504 cibus,
650 3442 770 3516 neque
788 3421 1000 3520 quidquam,
1029 3438 1071 3501 ut
1091 3450 1138 3499 ex
1157 3452 1168 3499 r

319 3545 491 3609 screatus.
545 3532 757 3630 Aliquando
775 3560 872 3623 vero,
892 3551 1043 3634 gutture
1061 3551 1099 3614 et
1115 3551 1168 3615 art

320 3649 461 3733 ceratis,
480 3643 651 3744 frequens
669 3649 776 3720 tussis
790 3653 1005 3748 sanguinem
1020 3679 1167 3752 quoque

320 3759 504 3835 interdum
522 3761 630 3835 etiam
648 3760 725 3834 fieri
744 3761 845 3850 solet,
874 3777 916 3839 ut
941 3779 1005 3841 aut
1031 3793 1078 3841 ex
1095 3767 1167 3867 puh

319 3897 368 3947 ex
384 3885 544 3971 pectore,
574 3885 638 3949 aut
654 3900 701 3947 ex
720 3874 843 3963 latere,
872 3891 936 3953 aut
961 3906 1007 3954 ex
1018 3880 1166 3979 jocinor

319 4011 426 4084 saepe
453 3984 622 4074 feminae,
653 3990 784 4086 quihus
812 3995 958 4090 sanguis
985 4020 1052 4092 per
1085 4021 1166 4070 men

318 4098 525 4198 respondet,
558 4099 658 4175 hunc
685 4118 881 4202 exspuunt.
948 4107 1165 4209 Auctoresqi

212 4199 413 4314 ,ξζῑωευημ
434 4211 491 4286 vel
518 4238 627 4288 exesa
652 4231 755 4314 parte
781 4218 903 4317 aliqua
933 4225 1148 4320 sanguinem

319 4337 437 4427 rupta,
466 4324 524 4400 vel
552 4352 615 4402 ore
643 4328 796 4427 alicujus
824 4358 938 4408 venae
964 4335 1165 4434 patefacto.¹
