2858 5296
328 310 399 387 168
706 336 742 385 n.
760 334 874 386 cous.
893 333 999 386 crusr

323 513 511 610 oriturque
527 520 658 586 acutus
683 511 843 598 morbus,
871 511 935 609 qui
952 507 1150 608 vituperale
1173 531 1197 583 a

323 629 543 700 nominatur.
597 623 701 700 Huic
718 622 836 698 dolori
858 622 990 710 lateris,
1008 621 1120 697 febris
1137 635 1176 698 et
1191 634 1210 700 t

324 738 448 814 cedit:
479 751 518 813 et
533 762 599 838 per
616 738 711 814 hanc
728 750 948 825 exscreatur,
967 738 997 810 si
1013 735 1209 812 tolerabilis

325 865 391 941 θεῖ,
423 853 580 952 pituita;
610 853 642 926 si
669 856 801 951 gravis,
837 852 995 949 sanguis.
1047 848 1208 924 Interdm

325 967 423 1041 sicca
447 967 554 1041 tussis
570 978 636 1054 θεῖ,
665 989 760 1063 quae
785 964 876 1037 nibil
901 962 1095 1039 emolitur:
1121 963 1207 1063 idqu

324 1081 415 1154 vitio
431 1079 588 1178 gravius,
606 1077 770 1153 secundo
795 1076 1019 1152 tolerabilius
1034 1090 1101 1152 est.
1154 1076 1207 1153 Rs

324 1217 413 1268 vero
428 1206 486 1268 cst
502 1192 626 1290 magni
650 1204 689 1265 ct
713 1193 870 1265 recentis
895 1190 1040 1278 doloris,
1063 1191 1206 1290 sanguis

326 1306 393 1394 At,
413 1306 490 1378 sive
507 1304 631 1390 levior,
659 1305 735 1377 sive
760 1305 938 1378 vetustior
962 1327 1066 1378 casus
1083 1315 1149 1391 θεῖ,
1176 1328 1205 1378 ει

326 1442 495 1504 vacuum,
511 1416 569 1491 vel
586 1441 707 1490 serum
724 1417 763 1490 id
779 1416 957 1492 auxilium
971 1429 1051 1510 est3
1071 1416 1204 1518 confug

326 1554 401 1630 que
426 1529 474 1605 ad
498 1529 747 1605 cucurbitulas
770 1543 836 1619 est,
862 1543 950 1605 ante
976 1555 1118 1619 summa
1140 1545 1205 1606 cut

329 1645 448 1721 Recte
465 1645 575 1719 etiam
591 1645 707 1744 sinapi
724 1668 770 1718 ex
784 1657 890 1719 aceto
902 1668 1011 1744 super
1023 1658 1152 1744 pectus
1165 1647 1203 1718 in

324 1758 446 1834 donec
478 1757 604 1833 ulcera
635 1757 872 1858 pustulasque
906 1760 1068 1846 excitet3
1095 1770 1134 1833 et
1157 1775 1202 1833 tu

322 1884 548 1960 camentum,
584 1872 685 1971 quod
719 1872 909 1946 humorem
947 1870 1036 1946 illuc
1076 1874 1176 1947 citet

323 1985 427 2072 baec,
445 1983 673 2060 circumdare
691 1987 848 2083 primum
867 1998 1014 2084 oportet
1029 1985 1125 2060 latus
1143 1984 1201 2086 bal

321 2099 582 2197 sulphuratae:
610 2097 756 2185 deinde,
781 2123 867 2172 cum
896 2097 1048 2197 paulurn
1076 2099 1200 2173 inflam

322 2213 472 2299 remisit,
490 2212 598 2285 siccis
615 2222 654 2285 et
669 2209 796 2284 calidis
818 2210 991 2286 fomentis
1006 2213 1073 2288 uti.
1127 2213 1192 2288 Ab

321 2328 414 2401 situs
430 2323 478 2398 ad
491 2323 710 2423 malagmata
726 2337 792 2399 est.
837 2324 875 2398 Si
886 2327 1065 2401 vetustior
1081 2325 1187 2401 dolor

321 2440 516 2514 novissime
550 2439 668 2512 resina
700 2438 871 2536 imposita
912 2439 1118 2515 discutitur.
1185 2440 1198 2516 1

318 2556 414 2629 cibis
428 2554 710 2652 potionibusque
728 2551 880 2639 calidis;
908 2553 1098 2628 vitandum
1116 2555 1198 2654 frig}

321 2669 415 2742 baec
434 2684 554 2743 tamen
574 2691 647 2740 non
668 2665 827 2739 alienum
842 2678 897 2741 est
913 2680 1095 2742 extremas
1109 2683 1197 2767 paru

322 2782 498 2881 sulphure
517 2781 723 2879 perfricare.
777 2780 813 2854 Si
831 2779 949 2855 levata
974 2784 1080 2855 tussis
1103 2783 1197 2870 estl

318 2921 395 2970 one
415 2899 467 2970 uti
483 2927 493 2986 3
515 2895 667 2993 jamque
685 2907 723 2968 et
739 2920 840 2969 acres
865 2895 976 2982 cibos,
1002 2908 1041 2969 et
1057 2897 1183 2970 vinum

324 3033 517 3082 assumere.
571 3009 678 3094 Quae
694 3033 717 3079 a
730 3010 880 3082 medicis
894 3011 1179 3108 praecipiuntur,

324 3123 401 3194 sine
420 3121 474 3192 bis
500 3124 654 3193 rusticos
673 3134 813 3194 nostros
838 3134 947 3218 epota
972 3148 1020 3196 ex
1046 3149 1142 3221 aqua
1159 3124 1195 3198 bs

321 3251 412 3330 ago²
441 3234 525 3305 satis
552 3232 713 3330 adjuvet.
769 3233 874 3307 Haec
905 3238 944 3308 in
970 3238 1069 3310 omni
1101 3238 1195 3311 later

325 3348 535 3420 communia
552 3359 660 3419 sunt:
688 3344 770 3444 plus
789 3351 926 3444 negotii
945 3363 1011 3438 est,
1037 3352 1067 3424 si
1084 3364 1194 3426 acutu

326 3462 474 3536 morbus
487 3462 517 3533 is
531 3458 649 3534 factus
667 3473 731 3533 est.
778 3460 919 3549 Inbue,
936 3476 1145 3561 practerea,
1167 3492 1194 3564 q·

182 3557 205 3588 δ’
325 3579 442 3673 posita
459 3588 556 3661 sunt,
577 3574 667 3648 baec
685 3576 1007 3651 animadvertenda
1025 3592 1135 3653 sunt:
1165 3605 1194 3653 u

326 3717 435 3789 quam
453 3691 611 3762 maxime
630 3691 749 3761 tenuis
765 3704 800 3762 et
814 3688 915 3776 lenis,
930 3695 1194 3791 praecipueque

328 3828 444 3897 eaque
461 3829 507 3875 ex
526 3805 667 3900 ptisana
684 3805 923 3900 potissimum,
939 3819 1003 3879 aut
1013 3807 1076 3904 jus
1100 3809 1137 3879 in
1156 3833 1194 3906 qt

328 3942 413 3990 cum
432 3915 533 4014 pullo
550 3917 753 4013 gallinaceo
772 3931 899 3990 coctus
917 3920 984 4006 sit;
1005 3920 1116 4018 idque
1132 3945 1194 3995 nor

327 4033 379 4105 tio
405 4055 552 4127 quoque
583 4030 642 4101 die
670 4030 787 4118 detur,
821 4033 849 4103 si
876 4048 996 4106 tamen
1023 4059 1088 4131 per
1113 4036 1194 4109 vire:

327 4146 431 4242 potui
450 4169 535 4217 vero
553 4169 648 4242 aqua
674 4144 855 4229 mulsam
876 4173 948 4244 qua
973 4148 1183 4247 hyssopum,

327 4258 481 4332 decocta
498 4259 554 4331 sit.
608 4259 715 4344 Quae
742 4260 874 4356 quibus
901 4260 1124 4359 temporibus
1151 4262 1195 4337 da

362 4406 375 4432 ³
395 4394 537 4451 Teucrium
560 4397 749 4467 Clramacdrys‚
769 4424 792 4454 a.
805 4410 828 4454 n,
852 4401 881 4451 L.
920 4403 962 4453 lln
982 4419 1087 4472 quoque
1113 4402 1195 4458 Rhiur

327 4500 377 4551 ago
392 4482 412 4534 L
424 4482 435 4533 ’ὲ
473 4479 542 4533 Vide
555 4481 643 4536 Bnuu.
657 4500 681 4552 p.
695 4486 754 4535 248.
767 4503 815 4537 nos
828 4485 860 4537 ad
874 4504 897 4555 p.
912 4492 953 4537 539.
