2858 5296
329 327 379 405 92
614 418 622 431 ἱ
699 345 735 393 Α.
755 343 867 393 cons.
887 321 993 392 cau'sr

326 521 460 597 crescit
475 529 598 592 autem
616 518 773 603 morbus,
791 516 880 590 dum
892 518 1074 615 graviores
1087 516 1160 590 dol«

328 635 520 730 sionesque
538 631 690 705 veniunt
700 660 712 722 ;
731 631 872 728 haeque
885 643 923 704 et
938 641 1033 717 ante,
1052 654 1160 728 quam

328 757 571 830 revertuntur,
589 755 628 818 et
650 755 776 842 postea
801 742 982 817 desinunt
1036 742 1160 841 Atque

328 882 478 957 quoque
495 856 639 943 morbis,
660 857 769 930 etiam
795 855 885 929 tales
913 867 1018 930 notas
1046 879 1121 930 non
1151 855 1160 929 1

328 974 423 1047 scire
440 971 537 1058 licet,
556 971 769 1056 increscere,
788 970 818 1041 si
834 993 983 1043 somnus
1000 971 1160 1043 incertus

217 1128 225 1151 ·
329 1087 442 1160 terior
459 1085 660 1169 concoctio,
681 1083 711 1155 si
727 1081 908 1156 foediores
925 1082 1158 1180 dejectiones,

330 1222 467 1284 sensus,
495 1198 524 1271 si
540 1197 677 1295 pigrior
703 1219 816 1282 mens,
846 1197 876 1268 si
899 1196 1078 1294 percurrit
1105 1219 1160 1269 cor

329 1329 394 1385 aut
410 1311 519 1396 calor,
538 1310 568 1382 si
584 1307 624 1381 id
648 1309 763 1406 magis
787 1308 909 1406 pallet
962 1307 1017 1382 Ea
1044 1333 1142 1394 vero,

330 1423 438 1498 traria
454 1421 510 1494 his
523 1433 619 1507 sunt,
640 1420 853 1494 decedentis
870 1421 948 1520 ejus
964 1433 1072 1495 notae
1089 1444 1161 1494 sun

330 1534 421 1607 haec
439 1534 477 1607 in
494 1535 611 1607 acutis
630 1534 763 1607 morbis
782 1535 894 1607 serius
911 1558 1020 1631 aeger
1036 1532 1161 1607 alendi

329 1648 399 1720 nisi
408 1646 489 1746 jam
505 1646 716 1737 inclinatis3
740 1660 783 1721 ut
807 1649 924 1745 primo
952 1645 1075 1720 demta
1103 1670 1162 1720 ma

328 1771 409 1834 -tum
426 1759 595 1859 frangat:
622 1761 794 1858 iniungis
812 1760 998 1846 maturius,
1031 1770 1072 1833 ut
1100 1783 1162 1832 sus

331 1875 423 1948 tium
440 1873 605 1948 affecturi
621 1874 705 1946 mali
723 1875 846 1972 possit.
899 1872 959 1948 Ac
985 1874 1014 1946 si
1031 1872 1162 1971 quand«

330 1998 409 2061 toto
425 2011 588 2086 corpore,
608 1985 674 2060 sed
689 1988 727 2058 in
744 1999 847 2084 parte
865 1999 945 2078 est;
974 1988 1086 2084 magis
1100 1998 1163 2060 tan

330 2100 499 2196 pertinet,
518 2100 592 2171 vim
611 2100 721 2172 totius
747 2100 909 2198 corporis
937 2098 1065 2185 moliri,
1098 2122 1163 2197 qua

330 2224 450 2311 partes
467 2236 597 2309 aegrae
613 2223 795 2284 sanentur.
848 2211 1012 2285 Multum
1030 2212 1163 2285 etiami

329 2326 434 2399 initio
446 2327 525 2423 quis
542 2337 641 2398 recte
659 2336 806 2398 curatus
823 2327 879 2412 sit,
907 2349 953 2397 an
971 2349 1159 2424 perperam

330 2440 424 2512 ratio
447 2439 567 2511 minus
592 2438 634 2510 iis
663 2436 821 2536 prodest,
853 2440 890 2511 in
920 2439 1050 2536 quibus
1077 2435 1164 2511 assid

331 2548 412 2625 fuit.
463 2550 502 2624 Si
519 2552 599 2650 quis
618 2564 754 2624 temere
772 2549 928 2637 habitus,
948 2551 1068 2624 adhuc
1081 2552 1165 2648 intel

331 2665 433 2751 vivit,
451 2665 597 2739 admota
614 2666 799 2738 curatione
817 2677 1002 2738 momento
1018 2664 1165 2738 restituit

171 2793 324 2855 Assredien·
383 2778 456 2851 Sed
473 2803 558 2852 cum
575 2779 620 2852 ab
638 2779 680 2852 iis
698 2781 891 2876 coeperim,
911 2803 1003 2875 quae
1017 2789 1120 2850 notas
1133 2802 1166 2875 qr

170 2872 310 2989 ζῖιᾝξ
333 2901 435 2964 turae
469 2890 639 2965 adversae
672 2891 890 2966 valetudinis
928 2890 1114 2976 exhibent,
1150 2914 1166 2964 c

170 2992 258 3042 (ΜΒΝ
332 3027 478 3099 quoque
496 3005 713 3101 principium
727 3006 772 3077 ab
786 3004 1096 3077 animadversione
1114 3002 1167 3100 eju

329 3115 427 3213 poris
443 3113 585 3186 faciam.
639 3115 769 3211 Igitur,
790 3117 819 3187 si
838 3117 927 3213 quid
945 3142 991 3190 ex
1005 3117 1058 3204 iis,
1086 3141 1168 3213 quat

329 3237 425 3311 sunt,
444 3225 583 3312 incidit,
603 3229 766 3298 omnium
785 3229 922 3324 optima
953 3241 1048 3316 sunt,
1081 3230 1166 3327 quie

328 3339 476 3429 nentia;
506 3338 641 3435 siquid
667 3339 880 3425 bibendum,
908 3365 1027 3437 aqua3
1057 3342 1167 3439 idque

328 3477 402 3525 uno
420 3451 478 3525 die
495 3450 571 3524 fieri
602 3452 685 3525 satis
716 3465 797 3542 est;
825 3454 1020 3541 interdum,
1051 3456 1080 3527 si
1107 3472 1170 3529 teri

326 3579 426 3653 nent,
458 3565 591 3639 biduo:
628 3567 865 3663 proximeque
896 3568 1150 3640 abstinentiam

327 3690 382 3754 est
400 3680 502 3752 cibus
519 3679 683 3776 exiguus,
705 3679 863 3752 bibenda
881 3705 1000 3776 aqua;
1028 3693 1171 3777 postero

326 3792 478 3881 vinum;
507 3791 639 3865 deinde
656 3793 813 3865 invicem
831 3792 976 3866 alternis
988 3793 1126 3880 diebuS,
1147 3818 1172 3865 11

324 3902 435 3974 modo
452 3907 588 3991 vinum,
616 3905 734 3979 donec
765 3908 881 3978 omnis
911 3932 1040 3978 causae
1069 3921 1173 3979 metu:

328 4014 399 4087 Per
415 4015 506 4089 haec
524 4019 621 4089 enim
639 4043 745 4117 saepe
772 4021 907 4092 instans
924 4020 1044 4115 gravis
1063 4021 1175 4091 morbi

328 4141 398 4202 tur.
451 4127 674 4228 Plurimique
692 4129 878 4218 falluntur,
901 4130 987 4203 dum
1007 4156 1043 4204 se
1061 4132 1176 4228 primo

363 4303 376 4331 ⁸
395 4297 440 4352 Sic
453 4297 534 4351 MSS·
547 4317 646 4356 omnes.
684 4300 828 4354 Lindenius
841 4307 869 4353 ct
883 4302 979 4354 (facum
991 4301 1084 4373 legunt
1093 4304 1177 4355 omnis

325 4383 393 4438 Vide
406 4390 433 4437 ct
446 4382 539 4455 capitis
551 4384 668 4456 proximi
680 4384 794 4450 initium,
807 4384 886 4439 etiarn
900 4404 954 4456 cap,
971 4404 994 4438 v.
1008 4384 1089 4454 hujus
1102 4384 1170 4439 libri.
