2858 5296
279 378 317 450 xl
334 446 337 450 .
695 401 880 450 rumosas.

278 596 361 635 oram
380 576 524 654 perviam
544 576 719 635 Emiliauarn
741 576 869 655 aliasque
893 575 987 634 adhuc
1010 576 1132 653 integras

277 655 383 734 pedem
397 656 563 714 Romanum
581 658 644 713 ll.7
659 655 778 733 pollices
799 655 943 736 Anglicos
962 676 1022 714 non
1040 654 1132 714 exced

278 736 389 815 (Mem.
403 734 497 793 Acad.
513 736 558 793 Sc.
573 747 593 793 t.
608 735 626 792 i.
642 755 669 813 p.
685 738 769 808 375.)

294 879 295 883 ,
318 818 347 873 6.
369 815 559 892 Templorum
580 815 754 892 aediumque
774 813 964 892 grandiorum
977 833 1128 873 mensuras

278 893 386 972 pedum
400 894 534 953 rotundis
548 905 650 953 exacte
664 894 830 971 designatas
843 895 934 952 fuisse
948 893 1106 972 eleganter,
1121 914 1134 950 u

277 974 593 1112 ppeciepprpponittlgta
601 975 742 1132 {afflige
749 997 758 1043 ;
774 973 878 1129 ppdpm
886 975 986 1051 itaque
999 994 1057 1033 nou
1068 992 1134 1051 supr

289 1073 348 1114 roes
395 1075 534 1133 ngcou
579 1074 609 1111 ιιι
654 1074 824 1131 11.p..

317 1213 377 1272 111.
392 1211 523 1272 Tabulae
536 1233 575 1271 ex
599 1214 700 1272 Causa
720 1227 751 1273 et
767 1216 891 1282 anro,
904 1211 1025 1290 locaque
1047 1233 1086 1271 ex
1109 1213 1136 1271 D

280 1291 569 1369 arcanorumque
593 1293 784 1370 scriptoribus
811 1293 940 1361 Graecis,
963 1293 1137 1351 Romana(

277 1371 400 1430 invicem
413 1383 442 1430 et
452 1371 489 1429 ad
502 1372 672 1431 Britannica
681 1373 812 1451 pondera
822 1393 875 1431 nos
883 1373 993 1430 referre
1004 1372 1112 1431 sinunt.
1135 1422 1137 1429 .

276 1471 343 1509 cum
352 1450 480 1509 massula
492 1471 585 1529 aquae
593 1472 685 1528 aeque
698 1453 782 1530 gravi
796 1463 963 1530 comparata
969 1462 1063 1510 certis
1079 1471 1138 1509 nun

276 1530 359 1608 pedis
381 1529 500 1608 penduli
524 1531 720 1590 Londinensis
748 1534 875 1592 rationes
896 1530 1012 1600 habere,
1044 1542 1138 1589 senati

276 1621 394 1668 cautum
415 1622 469 1668 est.
498 1610 558 1669 ·sio
572 1631 636 1668 cum
652 1611 787 1671 denarius
801 1616 858 1688 624
874 1631 966 1689 grana
975 1610 1112 1688 Trojano,
1128 1631 1136 1645 ·

276 1709 369 1767 aquae
382 1687 484 1759 cubici,
501 1689 667 1767 Anglorum
681 1691 916 1771 comprehendat,
937 1690 1068 1767 simplice
1086 1689 1139 1748 red

277 1769 428 1827 Romanus
443 1769 541 1827 evadit
559 1772 671 1839 11·604‚
687 1771 785 1829 tabula
800 1773 892 1830 Cansr
909 1770 1036 1828 valorem
1058 1771 1140 1828 crucia

275 1846 653 1927 obolisextautisquefigit.
691 1850 883 1909 Tabulavero
900 1849 988 1906 Plinii
999 1848 1138 1917 chalcum,

277 1927 418 1998 Atticam,
433 1929 579 2007 cyathum,
600 1929 792 1999 acetabulum,
802 1929 957 1997 heminam,
968 1948 1065 1985 mnaru
1077 1926 1141 2005 adjt

182 2028 185 2033 ·
275 2027 333 2085 que
346 2018 462 2085 praeter
476 2007 540 2066 loca
555 2008 668 2067 Graeca
676 2008 738 2086 jam
754 2009 877 2078 citanda,
901 2007 1008 2065 Latina
1021 2007 1072 2065 illa
1085 2027 1142 2085 qua

274 2106 340 2144 mus
361 2107 414 2164 per
438 2107 469 2145 se
493 2087 564 2145 satis
583 2088 783 2147 demonstrant
806 2088 921 2166 pondus
945 2088 1017 2144 assis
1039 2098 1070 2145 et
1091 2086 1143 2144 libr

276 2165 353 2224 idem
367 2167 466 2235 fuisse,
482 2178 638 2244 utrumque
652 2167 768 2226 demum
784 2169 883 2226 uncias
897 2166 1050 2224 duodecim
1064 2167 1143 2224 conti

314 2253 333 2280 “
348 2245 393 2304 Aa
411 2256 476 2304 erat
496 2244 588 2304 librae
602 2247 894 2325 pondua-Reliqua
915 2244 1083 2304 obscuriora
1099 2266 1144 2324 qui

274 2325 415 2384 notione:
436 2337 467 2384 et
476 2346 511 2384 ea
525 2346 599 2402 qnae
613 2326 815 2385 diminuuntur
828 2327 870 2384 ita
891 2337 959 2384 sunt
982 2335 1016 2383 ut
1030 2337 1144 2384 extrem

272 2401 415 2474 babeant3
430 2415 463 2463 ut
477 2426 494 2463 a
507 2404 660 2464 duodecim
674 2426 733 2465 nna
753 2407 871 2484 dempta
883 2406 978 2475 uncia,
992 2407 1096 2476 deunx,
1110 2411 1146 2464 dr(

312 2565 495 2623 “Numerus
515 2563 611 2622 xxiiii.
629 2565 831 2643 scrupulorum
852 2563 1007 2623 duodecies
1020 2574 1147 2641 computi

273 2645 369 2715 efficit,
390 2665 466 2723 quae
479 2643 633 2703 duodecim
646 2645 738 2703 unciis
752 2644 926 2723 perficitur.’'
970 2645 1046 2702 Isin.
1067 2643 1148 2721 Orig]

271 2745 329 2840 ⁰812
346 2745 452 2863 (lxrislddi
464 2804 569 2861 medici
584 2804 714 2882 pondera
727 2804 1006 2863 medicamentorum
1020 2801 1057 2859 ad
1071 2800 1149 2860 dracl

269 2894 362 2961 guut;
383 2903 457 2960 quae
485 2884 553 2959 quia
581 2884 617 2941 ad
645 2885 797 2942 denarium
825 2883 1010 2952 conveniunt,
1043 2882 1150 2959 (octogi

291 2974 396 3020 uatuor
408 2962 439 3018 in
451 2959 557 3018 libram
571 2962 739 3041 incurrunt)
754 2985 807 3041 pro
821 2976 891 3021 uota
908 2963 1037 3022 Graecae
1052 2960 1151 3019 drachr

269 2985 381 3101 lanarii
392 3039 486 3117 posui,
500 3051 531 3097 et
549 3040 586 3097 ad
600 3040 663 3118 ejus
677 3042 792 3118 pondus
807 3043 958 3100 drachmas
971 3041 1099 3117 redegi.”
1141 3041 1152 3098 l

270 3122 303 3181 N
304 3137 434 3179 arrianos
449 3118 526 3195 apud
537 3119 669 3176 Marcell.
681 3122 767 3198 Emp.

308 3209 326 3236 “
341 3198 409 3258 Erit
423 3210 493 3255 nota
512 3197 622 3255 denarii
638 3200 723 3256 unius
737 3219 790 3276 pro
817 3198 930 3257 Graeca
949 3198 1104 3257 drachma:
1124 3219 1153 3258 ae

267 3281 299 3339 in
312 3279 388 3338 libra
400 3277 512 3336 denarii
527 3295 656 3335 nxxxrv.
669 3279 747 3356 apud
762 3299 823 3345 nos,
843 3289 914 3355 quot
928 3279 1083 3336 drachmae
1097 3299 1154 3357 apu

268 3358 445 3419 incmruut.’'
488 3356 677 3415 Scaraouros
693 3359 824 3417 Laaocs
839 3376 881 3414 an
898 3360 1092 3416 Canmsrcu.

405 3518 443 3568 At
454 3512 533 3580 cotyla
545 3514 645 3581 cyathos
657 3515 695 3567 bis
707 3527 789 3568 temos
802 3533 850 3566 una
861 3526 977 3581 receptat.

406 3584 456 3636 Sed
468 3582 499 3632 de
511 3583 587 3634 abaco
599 3582 669 3634 nobis
681 3585 705 3634 id
719 3585 815 3650 pondus
828 3601 899 3648 saepe
912 3596 1023 3636 notatur:

400 3653 447 3706 Bis
458 3650 546 3714 quinae
558 3651 623 3701 bunc
634 3651 726 3703 iaciunt
737 3652 866 3702 drachmae
878 3674 883 3701 ι
905 3653 924 3702 si
936 3652 1076 3718 appendere
1085 3650 1158 3702 velles

405 3718 570 3786 Oxybapbnm
583 3719 634 3779 fiet,
647 3721 667 3769 si
679 3721 787 3785 quinque
798 3720 919 3770 addantur
929 3721 960 3771 ad
972 3721 1040 3838 mulsi
1124 3784 1146 3835 F

1042 3802 1109 3837 ann.
1147 3802 1160 3836 a

305 3856 489 3917 Testimonia
517 3874 554 3911 ex
582 3853 771 3930 scriptoribus
801 3855 930 3915 Graecis.
986 3853 1118 3932 nelliano,
1145 3850 1160 3908 l

264 3939 368 4014 λέγομιν
393 3944 430 3995 νῦν
453 3937 473 3992 ir
493 3943 543 3998 τοῖς
558 3938 663 3998 sociam
686 3937 782 3994 iliram
803 3941 878 4016 ὀσπις
902 3938 1010 4011 Ρῶμαῖοι
1024 3934 1133 4015 danaique

265 4017 344 4079 GAL.
358 4017 409 4076 lib.
423 4018 451 4075 8.
464 4021 535 4074 κατὰ
549 4041 638 4084 ranas,
653 4037 715 4094 cap.
729 4020 757 4074 3.

302 4175 490 4237 Dioscorides
504 4173 581 4252 apud
598 4173 752 4242 Galenum,
767 4172 786 4230 l.
797 4194 821 4230 c.
860 4172 892 4229 ‘H
908 4171 933 4232 >i
946 4174 1059 4256 δμχμὲ,
1074 4177 1086 4238 ἦ
1103 4185 1165 4232 καί.

258 4259 323 4332 aim,
337 4260 524 4336 ἔγγςιμμιτα
537 4279 606 4337 agra,
621 4255 725 4315 aas'sso
739 4250 826 4317 ilibas
842 4253 874 4315 ς’.

301 4339 467 4416 Cleopatra,
481 4336 500 4393 l·
514 4357 540 4394 c.
577 4332 609 4394 'O
622 4333 716 4398 ababa
728 4326 778 4410 lxo
793 4329 914 4412 δραχμὰς
924 4335 941 4394 ι’.

293 4499 343 4564 Ὠς
360 4503 383 4571 ξ’
398 4495 518 4578 decemuir
533 4495 636 4560 llatieos
657 4497 699 4561 silc
714 4492 829 4559 nervi-lc·
848 4500 872 4574 ις
892 4497 943 4572 poi(
958 4489 1026 4552 blau
1043 4488 1089 4564 ἳγι
1103 4488 1169 4551 'Aah
