2858 5296
364 355 413 433 62
746 384 782 439 a.
801 383 914 439 coru..
932 384 1038 436 cerer

265 565 266 568 ’
362 582 486 646 senex,
504 571 544 634 et
559 557 709 658 gravida
727 558 857 634 mulier
869 559 1002 645 valens,
1023 569 1104 633 tuto
1120 583 1184 636 cnr

361 671 459 747 xime
484 683 609 751 tamen
633 672 673 745 in
697 671 752 746 his
777 671 944 746 medicus
967 673 1183 771 imperitusi

361 787 448 883 qnia
464 785 541 861 fere
558 788 678 862 minus
695 787 832 861 roboris
849 786 919 861 illis
934 789 1114 865 aetatibus
1132 789 1182 863 sul

361 900 486 999 erique
511 900 726 1001 praegnanti
749 913 832 998 post
856 902 1080 977 curationem
1109 927 1181 1001 quo

360 1036 453 1112 opus
470 1028 535 1102 est,
555 1038 630 1088 non
655 1024 796 1088 tantum
823 1013 870 1086 ad
895 1038 945 1100 se,
972 1012 1170 1089 sedetiam

361 1128 627 1203 sustinendum.
692 1127 779 1200 Non
807 1126 987 1225 quidquid
1014 1140 1138 1201 autem
1170 1128 1180 1202 i

359 1243 470 1318 animi
499 1254 538 1316 et
561 1239 796 1340 prudentiam
830 1241 954 1338 exigit,
993 1242 1157 1338 protinus

359 1367 437 1446 est3
466 1380 550 1429 cnm
574 1355 769 1453 praecipua
793 1355 830 1426 in
857 1353 928 1427 hoc
945 1377 1002 1427 ars
1019 1355 1075 1441 sit,
1096 1379 1178 1452 quar

358 1483 536 1555 numeret,
568 1491 688 1565 neque
719 1467 996 1565 conceptionem
1033 1467 1145 1541 solam
1175 1495 1177 1504 ·

357 1581 451 1655 vires
467 1581 642 1668 aestimet,
662 1593 764 1655 etex
782 1605 827 1654 eo
844 1579 1003 1675 colligat,
1024 1583 1137 1678 possit
1153 1606 1176 1654 n

358 1717 447 1782 esse,
467 1693 567 1794 quod
584 1693 642 1768 vel
657 1719 824 1793 puerum,
844 1694 902 1766 vel
921 1717 1057 1780 senem,
1084 1693 1142 1767 vel
1159 1696 1175 1767 i

357 1832 420 1883 ere
446 1807 521 1882 duo
550 1832 702 1905 corpora
731 1807 835 1880 simul
870 1806 1055 1880 sustineat
1108 1806 1175 1883 Inb

356 1922 453 1995 inter
469 1922 592 1996 valens
609 1945 752 2018 corpus,
772 1934 809 1994 et
826 1920 977 1995 obesum
993 1949 1003 2010 ;
1031 1922 1126 1994 inter
1143 1934 1174 1996 te

357 2032 499 2107 firmum
516 2062 525 2108 ε
553 2034 778 2108 tenuioribus
796 2033 910 2128 magis
929 2034 1087 2130 sanguia,
1102 2034 1173 2131 pler

356 2148 412 2244 gis
429 2172 515 2221 caro
531 2146 703 2221 abundat.
756 2146 913 2220 Facilius
933 2147 1057 2244 itaque
1073 2146 1125 2219 illi
1143 2146 1173 2220 dr

356 2260 534 2360 ejusmodi
561 2261 765 2351 sustinent3
794 2261 1019 2357 celeriusque
1042 2285 1094 2348 ea,
1121 2262 1149 2333 si

355 2375 511 2472 pinguis,
531 2373 660 2472 aliquis
677 2372 858 2471 affligitur.
904 2372 1068 2471 ideoque
1087 2375 1139 2450 vis
1156 2399 1172 2449 r

356 2487 425 2562 lius
442 2513 486 2562 ex
505 2489 617 2572 venis,
635 2512 744 2585 quarn
763 2511 809 2560 ex
828 2488 906 2584 ipsa
923 2490 1043 2583 specie
1060 2489 1172 2561 aestio

404 2601 537 2701 Neque
554 2600 671 2674 solum
690 2600 779 2674 haec
797 2598 1059 2674 consideranda
1084 2614 1171 2688 sunt

354 2715 472 2788 morbi
488 2739 605 2814 genus
623 2714 721 2813 quod
736 2715 802 2788 sit:
832 2727 952 2786 utrum
972 2738 1155 2810 superans,

355 2830 504 2901 materia
533 2828 701 2920 laeserit3
738 2840 949 2924 corruptum
981 2852 1113 2924 corpus
1144 2829 1171 2900 si

353 2965 472 3034 grum.
524 2941 622 3013 Nam
649 2942 676 3013 si
703 2943 854 3014 materia
880 2939 938 3012 vel
964 2939 1077 3027 deest,
1104 2940 1162 3014 vel

353 3052 450 3126 istud
469 3052 626 3126 alienum
654 3065 732 3126 est:
758 3067 798 3126 at
823 3054 852 3124 si
870 3052 928 3126 vel
954 3055 1060 3150 copia
1085 3055 1140 3126 sui
1166 3081 1170 3126 r

354 3166 410 3238 vel
439 3179 611 3262 corrupta
637 3177 702 3248 est,
734 3164 836 3238 nulio
866 3165 977 3238 modo
1012 3166 1140 3240 melius

353 3278 453 3375 Ergo
470 3277 667 3352 vehemens
685 3275 807 3363 febris,
835 3278 897 3349 ubi
915 3280 1023 3353 rubet
1040 3305 1169 3378 corpus

354 3416 466 3465 venae
480 3403 633 3477 tument,
649 3391 835 3486 sanguinis
849 3390 1110 3467 detractionem
1125 3420 1169 3468 rer

353 3505 530 3580 viscerum
550 3504 677 3591 morbi,
697 3529 964 3602 nervorumque
982 3507 1164 3594 resolutio,

353 3620 547 3695 distentio:
576 3617 753 3717 quidquid
784 3617 942 3716 denique
959 3618 1083 3694 fauces
1104 3620 1168 3694 difl

351 3733 443 3805 ritus
460 3730 681 3830 strangulat3
710 3731 886 3829 quidquid
904 3733 1023 3807 subito
1040 3735 1168 3833 suppri:

351 3847 513 3943 quisquis
544 3843 776 3918 intolerabilis
804 3845 907 3918 dolor
936 3860 1015 3938 cst3
1042 3859 1079 3921 et
1110 3872 1168 3945 qua

350 3981 459 4030 causa
491 3970 639 4056 ruptum
674 3957 811 4056 aliquid
844 3961 942 4032 intus
976 3973 1085 4058 atque
1121 3963 1168 4034 co

350 4071 438 4142 item
456 4068 572 4144 malus
589 4073 748 4169 corporis
775 4071 929 4158 babitus
956 4098 1153 4172 omnesque

352 4182 401 4270 bi,
431 4185 493 4281 qui
519 4182 639 4271 modo,
670 4198 711 4258 ut
741 4185 961 4283 supradixi,
990 4211 1063 4259 non
1093 4187 1168 4260 infir

353 4321 461 4369 onere
478 4309 624 4371 nocent.
677 4297 772 4370 Fieri
797 4312 918 4373 tamen
945 4315 1074 4398 potest,
1100 4313 1168 4374 ntr

354 4410 435 4486 dem
453 4409 490 4483 id
509 4409 698 4500 desideret,
719 4438 849 4509 corpus
864 4427 984 4489 nutem
1011 4416 1071 4488 vix
1089 4417 1165 4513 pati

646 4530 649 4534 ’
889 4538 904 4582 r
