2858 5296
346 334 419 402 140
479 321 486 330 ’
716 350 752 397 a.
772 347 883 399 coan.
903 347 1008 402 catsr

340 535 447 601 sunt:
472 525 743 626 praecipueque
760 523 909 600 vitanda
924 522 1057 610 omnia,
1075 546 1193 621 quaer

342 639 567 736 excepimus.

390 752 534 825 XXIV.
553 749 688 850 Aeque
705 764 815 826 notus
831 762 889 825 cst
904 748 1062 837 morbus,
1081 771 1191 846 quem

339 880 544 961 arquatum,
565 863 750 939 interdum
764 864 905 961 regium
923 863 1124 936 nominant.
1160 858 1191 951 Q

339 991 507 1076 pocrates
524 978 585 1065 ait,
605 977 634 1051 si
652 989 734 1075 post
751 977 947 1076 septimum
972 975 1071 1050 diem
1091 973 1190 1051 febri

339 1115 408 1189 gro
434 1091 655 1190 supervenit,
685 1103 808 1164 tutum
832 1113 921 1175 esse,
947 1088 1116 1163 mollibus
1141 1100 1190 1165 tat

340 1201 561 1300 praecordiis
577 1202 852 1277 substantibus:
897 1200 1060 1290 Diocles,
1079 1225 1127 1275 ex
1146 1213 1190 1277 to

339 1315 480 1391 febrem
497 1317 622 1404 oritur,
642 1317 753 1391 etiam
770 1315 966 1414 prodesse,
994 1316 1024 1388 si
1046 1327 1130 1414 post
1147 1314 1189 1390 ht

341 1428 522 1504 occidere.
574 1428 685 1504 Color
702 1441 825 1504 autern
852 1453 936 1502 eurn
963 1429 1131 1502 morbum
1157 1428 1189 1503 dr

341 1542 440 1616 xime
457 1541 661 1629 oculorum,
685 1544 725 1616 in
744 1542 888 1641 quibus,
915 1540 1016 1640 quod
1034 1538 1158 1614 album
1174 1564 1188 1617 t

341 1654 383 1730 fit
398 1653 554 1730 luteum.
608 1655 782 1755 Soletque
800 1654 976 1730 accedere
994 1667 1032 1729 ct
1049 1655 1137 1743 sitis,
1163 1678 1187 1730 e

341 1770 437 1868 pitis,
455 1781 494 1845 ct
510 1768 684 1869 frequens
699 1769 890 1867 singultus,
906 1783 944 1842 et
956 1767 1188 1867 praecordior

340 1898 446 1980 parte
464 1883 626 1971 durities,
646 1896 694 1971 ct,
716 1884 780 1957 ubi
799 1883 961 1981 corporis
978 1880 1176 1956 vehemens

340 1995 489 2092 spiritus
507 1995 710 2082 difficultas,
726 1995 1046 2093 membrorumque
1059 1992 1187 2068 resolut

266 2166 271 2173 .
341 2107 404 2179 ubi
422 2107 560 2181 diutius
577 2123 702 2182 manet
719 2108 879 2194 morbus,
909 2119 1029 2182 totum
1057 2131 1187 2206 corpus

340 2218 416 2294 lore
430 2220 590 2319 quodam
603 2219 803 2296 inalbescit
840 2221 963 2294 Primo
981 2219 1041 2295 die
1052 2221 1187 2297 abstint

340 2345 508 2432 oportet;
535 2332 700 2409 secundo
716 2334 852 2408 ducere
870 2333 1016 2411 alvum:
1044 2348 1135 2422 tum,
1159 2334 1187 2409 sl

338 2471 418 2521 eam
436 2449 555 2522 victus
571 2471 707 2547 genere
724 2447 908 2523 discutere
924 2478 935 2539 ;
964 2449 994 2522 si
1010 2459 1166 2533 nonest,
1184 2477 1187 2519 ι

338 2586 397 2633 arn
410 2563 514 2659 potui
526 2561 622 2650 dare,
637 2562 695 2637 vel
709 2588 795 2637 cum
813 2588 907 2661 aqua
918 2564 1039 2637 betam
1057 2561 1177 2637 albam

338 2675 396 2748 vel
415 2701 500 2750 curn
520 2702 615 2775 aqua
633 2677 749 2752 mulsa
766 2702 879 2751 nuces
896 2701 1046 2763 amaras,
1074 2678 1187 2751 absint

339 2813 431 2876 sum,
464 2792 515 2864 sic
548 2804 589 2865 ut
617 2816 700 2888 pars
732 2792 840 2890 hujus
870 2792 1021 2863 minima
1051 2792 1107 2863 sit.
1160 2789 1187 2863 A

341 2927 473 2997 aquam
495 2928 642 3001 quoque
660 2905 802 2990 salsam,
821 2918 858 2978 et
876 2903 1025 3003 quidem
1043 2929 1108 3002 per
1129 2903 1187 2976 bid

338 3017 496 3110 gationis
514 3039 623 3089 causa
642 3018 764 3092 bibere
783 3019 950 3113 cogebat,
975 3018 1030 3103 iis,
1051 3043 1146 3116 quae
1164 3042 1187 3092 u

340 3139 439 3211 vent,
468 3128 621 3224 rejectis.
676 3129 848 3216 Quidam,
881 3132 1128 3228 superioribus
1157 3156 1187 3204 or

341 3237 444 3324 lraec,
464 3253 502 3313 et
519 3265 585 3337 per
602 3266 663 3314 eos
682 3243 792 3328 cibos,
813 3245 875 3339 qui
894 3258 1106 3331 extenuant,
1135 3244 1187 3319 ids

340 3353 443 3449 sequi
462 3351 602 3427 dicunt.
656 3354 738 3451 Ego
757 3356 896 3452 utique,
918 3359 947 3429 si
965 3360 1050 3431 satis
1071 3359 1187 3431 viriun

340 3464 468 3557 diora;
500 3467 528 3540 si
547 3491 688 3565 parum,
705 3467 944 3542 imbecilliora
969 3470 1106 3543 auxilia
1130 3495 1187 3569 pra

339 3581 510 3678 purgatio
527 3578 607 3666 suit,
625 3593 709 3678 post
733 3606 813 3654 eam
832 3582 956 3655 triduo
973 3585 1092 3681 primo
1112 3609 1188 3658 mo<

339 3708 485 3788 oportet
501 3718 682 3769 assumere
701 3720 747 3768 ex
762 3696 883 3770 media
900 3699 1062 3784 materia,
1082 3711 1121 3772 ct
1133 3699 1188 3771 vir

340 3801 526 3880 Graecum
546 3807 690 3894 salsum,
720 3821 761 3881 ut
779 3808 951 3883 resolutio
968 3812 1107 3884 ventris
1125 3836 1188 3885 ma

338 3913 454 3991 altero
472 3919 594 3993 triduo
612 3920 803 3995 validiores
821 3924 935 4009 cibos,
964 3941 1001 3997 et
1027 3926 1145 3998 carnis
1163 3951 1189 4024 q

339 4028 535 4126 quidesse,
566 4034 733 4132 intraque
761 4061 894 4134 aquarn
917 4061 1085 4111 manere:
1114 4037 1189 4114 deit

338 4144 460 4241 perius
477 4169 595 4240 genus
611 4148 730 4220 victus
748 4151 891 4236 reverti,
920 4175 1006 4223 cnm
1024 4176 1080 4237 eo,
1101 4166 1143 4226 ut
1159 4177 1189 4226 m

338 4271 421 4345 tur;
441 4260 573 4333 omisso
585 4258 732 4334 Graeco
746 4263 831 4336 vino
842 4263 965 4337 bibere
978 4266 1190 4360 integrum:

336 4384 447 4468 atque
465 4372 515 4446 ita
538 4398 603 4470 per
621 4374 710 4448 haec
730 4376 876 4463 variare,
907 4389 947 4449 nt
973 4378 1157 4452 interdum
1183 4406 1190 4453 r
