2858 5296
355 368 404 434 20
739 381 907 431 amcomu
926 382 1029 433 cunsr

192 558 287 607 ¹³⁶¹¹¹¹¹¹
261 573 341 608 Μ
405 557 482 632 ΙΙΙ.
509 556 637 655 Atque
664 556 756 633 haec
787 555 936 654 quidem
962 580 1080 655 paene
1103 579 1177 655 per}

191 694 335 756 pmwna
308 641 544 760 &Quasdam
569 681 692 745 autem
708 669 979 745 observationes
1001 667 1176 743 desideras

351 810 421 872 res,
440 796 479 858 et
495 808 690 912 corporum
705 807 852 882 genera,
865 794 903 858 et
915 807 1035 871 sexus,
1050 795 1088 858 et
1100 796 1175 858 aeta

351 922 442 997 pora
458 898 554 971 anni.
606 895 705 970 Nam
722 919 841 994 neque
858 919 905 969 ex
922 894 1058 969 salubri
1074 894 1157 970 loco

353 1034 473 1109 neque
490 1033 536 1082 ex
554 1009 657 1107 gravi
673 1009 710 1081 in
727 1007 909 1082 salubrem
928 1008 1100 1082 transitus
1116 1019 1173 1083 sat

353 1125 412 1199 Ex
423 1122 558 1197 salubri
568 1123 605 1196 in
616 1145 776 1219 gravem,
788 1121 905 1220 prima
917 1120 1060 1213 hieme;
1080 1146 1127 1194 ex
1138 1145 1172 1220 gr

351 1238 417 1336 qui
426 1235 577 1313 salubris
587 1245 654 1321 est,
665 1235 782 1332 prima
791 1245 927 1309 aestate
940 1234 1091 1308 transire
1102 1231 1171 1309 mel

352 1373 425 1447 que
449 1371 537 1423 vero
561 1371 610 1421 ex
634 1347 750 1423 multa
773 1345 870 1420 fame
895 1347 1007 1420 nimia
1023 1347 1166 1421 satietas

352 1463 464 1535 nimia
476 1461 641 1534 satietate
657 1457 771 1533 fames
787 1457 920 1533 idonea
932 1471 998 1533 est
1050 1457 1169 1533 Pericl‘

351 1576 415 1673 qui
433 1573 557 1660 semel,
575 1584 613 1647 et
626 1574 689 1671 qui
701 1572 756 1646 bis
768 1571 829 1647 die
842 1573 966 1647 cibum
979 1572 1168 1647 incontine

352 1685 667 1773 consuetudinem,
697 1687 861 1760 assumit.
927 1683 1035 1772 Item,
1065 1709 1167 1784 nequ

351 1799 474 1875 labore
491 1799 652 1874 subitum
670 1799 796 1885 otium,
814 1822 936 1896 neque
962 1822 1010 1872 ex
1030 1799 1146 1872 nimio
1163 1834 1166 1862 ι

352 1912 464 1999 labor,
484 1912 561 1986 sine
576 1912 679 2009 gravi
695 1934 793 1983 noxa
810 1921 875 1984 est
927 1908 1040 2008 Ergo,
1057 1935 1143 1985 cum
1160 1939 1166 1983 t

350 2023 489 2123 aliquid
502 2022 612 2110 volet,
625 2021 801 2121 paulatim
815 2021 964 2097 debebit
979 2047 1165 2098 assuescen

352 2138 462 2212 etiam
478 2135 638 2210 laborem
655 2135 797 2208 facilius
813 2134 872 2209 vel
888 2160 980 2234 puer
997 2136 1055 2211 vel
1072 2161 1164 2212 sene:

352 2261 477 2324 suetus
504 2247 615 2322 bomo
639 2249 803 2322 sustinet.
855 2247 984 2347 Atque
1010 2248 1093 2324 ideo
1121 2275 1164 2349 qu

351 2365 468 2438 otiosa
483 2363 558 2438 vita
574 2360 673 2437 utilis
689 2385 769 2436 non
781 2372 860 2454 est;
887 2363 973 2460 quia
988 2374 1110 2461 potest
1126 2364 1163 2438 in

351 2478 399 2550 ris
416 2475 622 2550 necessitas.
672 2473 711 2548 Si
727 2472 875 2573 quando
891 2485 1014 2549 tamen
1030 2477 1162 2551 insueti

350 2590 504 2676 boravit,
522 2598 587 2687 aut
603 2587 634 2660 si
650 2585 768 2661 multo
783 2586 878 2686 plus,
901 2611 1011 2685 quam
1027 2587 1132 2677 solet,
1148 2612 1162 2664 ε

351 2701 520 2787 assuevit,
534 2699 620 2773 huic
631 2698 762 2799 jejuno
774 2698 1031 2774 dormiendum
1045 2712 1122 2775 est:
1142 2725 1162 2774 n

351 2815 380 2887 si
397 2817 506 2888 etiam
524 2837 565 2886 os
581 2837 744 2888 amarum
762 2825 828 2901 est,
848 2812 907 2888 vel
925 2814 1022 2888 oculi
1039 2813 1161 2912 caligat

350 2938 407 3003 ter
422 2926 666 3022 perturbatur.
718 2925 818 3000 Tum
842 2928 939 3001 enim
960 2952 1033 3001 non
1052 2927 1161 3001 dormi

349 3033 541 3109 tummodo
558 3034 688 3131 jejuno
711 3050 777 3123 est,
805 3038 869 3111 sed
895 3041 1004 3113 etiam
1029 3041 1160 3139 inpos

349 3145 635 3247 permanendum
649 3178 660 3238 ς
688 3149 756 3222 nisi
773 3151 847 3223 cito
864 3149 903 3223 id
920 3154 1022 3250 quies
1038 3152 1160 3228 sustuli

349 3262 571 3347 factumest,
591 3284 741 3358 surgere
757 3273 912 3360 oportet,
931 3276 969 3338 et
985 3264 1082 3341 lente
1106 3292 1160 3366 par

349 3375 486 3449 bulare.
539 3372 595 3447 At
610 3374 640 3447 si
656 3376 773 3448 somni
790 3378 984 3451 necessitas
1001 3377 1160 3466 nonfuit

348 3512 392 3564 ce
419 3487 533 3585 magis
560 3485 690 3585 aliquis
716 3486 904 3576 laboravit,
935 3502 1058 3566 tamen
1086 3493 1159 3591 ingr

348 3600 478 3676 eodem
504 3599 614 3674 modo
642 3600 764 3677 debet
821 3602 1041 3680 Communia
1066 3606 1159 3681 deinc·

347 3726 433 3788 sunt
447 3726 531 3812 post
545 3712 799 3813 fatigationem
816 3717 939 3791 cibum
952 3721 1149 3812 sumturis3

346 3827 634 3913 ambulaverunt,
648 3829 678 3901 si
690 3827 861 3904 balneum
875 3855 948 3905 non
962 3845 1028 3920 est,
1043 3832 1159 3908 calido

346 3936 432 4026 sole,
445 3938 503 4012 vel
514 3938 562 4012 ad
571 3940 693 4035 ignem
707 3943 807 4040 ungi,
819 3955 928 4042 atque
939 3944 1088 4046 sudare3
1104 3948 1159 4021 sie

346 4052 406 4125 nia
418 4052 457 4125 in
471 4050 646 4149 tepidario
659 4054 784 4129 sedere
797 4086 809 4147 3
828 4057 973 4144 deinde,
987 4060 1048 4131 ubi
1061 4059 1159 4158 pauli

346 4176 489 4250 verunt,
503 4165 649 4251 intrare,
663 4179 701 4241 et
713 4167 935 4244 descendere
948 4173 985 4245 in
999 4172 1129 4246 solium
1141 4203 1153 4265 3

346 4277 428 4351 oleo
446 4277 547 4373 ungi,
571 4275 773 4378 leniterque
798 4282 1008 4380 perfricari;
1036 4287 1159 4360 iterun

344 4388 585 4465 descendere:
604 4403 687 4488 post
700 4391 809 4480 baec„
821 4420 860 4470 os
874 4422 966 4494 aqua
978 4396 1094 4473 calida
1107 4398 1160 4475 foi
