2858 5296
353 336 430 408 280
727 305 774 402 a.
792 346 906 402 cona.
925 344 1033 401 cansa

195 554 349 607 monum
409 522 558 604 XXVI.
586 535 621 602 1.
641 525 739 602 Cum
755 522 950 601 facultates
964 517 1206 598 medicamen

193 623 289 674 Μ
358 641 554 742 posuerim,
572 662 720 739 genera,
745 638 939 737 inquibus
963 656 1061 711 noxa
1077 652 1204 732 corpu

358 778 503 854 ponam.
558 751 614 826 Ea
638 753 802 851 quinque
828 763 938 826 sunt:
968 772 1055 825 cum
1080 746 1203 847 qaid«

358 867 479 954 laesit,
498 877 541 939 ut
561 865 601 938 iu
626 864 864 955 vulneribus;
891 884 977 938 cum
1002 861 1094 966 quid
1118 861 1201 934 intn

359 991 573 1078 corruptum
600 989 666 1064 est,
692 988 737 1052 ut
763 978 801 1050 in
828 1001 986 1068 cancr03
1014 999 1100 1050 cum
1127 972 1200 1072 qui

359 1105 425 1181 est,
451 1093 554 1167 utin
580 1090 703 1166 vesica
726 1089 915 1182 calculus,
943 1108 1029 1165 cum
1057 1087 1149 1188 quid
1175 1084 1198 1161 ir

359 1230 463 1293 vena,
495 1226 589 1303 quae
622 1204 870 1279 intumescens
898 1205 937 1278 in
968 1203 1125 1278 varicem
1161 1222 1197 1275 α

358 1342 444 1392 cum
462 1316 551 1418 quid
568 1315 683 1404 deest,
702 1327 746 1392 ut
764 1342 851 1391 cum
869 1329 975 1392 curta
998 1336 1082 1415 pam
1097 1312 1196 1413 aliqu

357 1430 413 1504 his
430 1429 500 1503 alia
516 1440 613 1518 sunt,
633 1431 672 1503 in
690 1430 823 1529 quibus
841 1430 1118 1515 medicamenta,
1137 1424 1195 1501 ali

355 1541 437 1641 plus
458 1543 755 1643 manusprolicit
808 1543 920 1643 Ergo,
948 1543 1067 1617 dilatis
1082 1543 1139 1629 iis,
1166 1563 1193 1639 q

355 1678 428 1754 pue
446 1653 660 1755 scalpellum
678 1671 716 1733 et
733 1680 881 1731 manum
900 1655 1096 1756 postulant,
1114 1672 1192 1728 nun

356 1790 449 1856 cam,
475 1793 569 1866 quse
595 1771 753 1844 maxime
770 1769 1045 1844 medicamentis
1061 1776 1186 1866 egent.

355 1893 478 1954 autem
494 1881 588 1957 hanc
606 1907 753 1981 quoque
770 1881 924 1957 curandi
940 1894 1093 1981 partem,
1111 1880 1190 1955 sicu

354 2004 392 2065 et
409 2007 494 2066 ante
512 1993 632 2067 dicam
651 1993 698 2067 de
715 1996 769 2082 iis,
789 2019 882 2093 quae
901 1996 938 2068 in
957 1992 1189 2093 quamlibet}

352 2105 451 2201 poris
467 2104 659 2180 incidunt:
688 2118 766 2180 tum
785 2106 832 2180 de
856 2107 912 2193 iis,
936 2131 1030 2206 quae
1047 2118 1188 2204 certasl

354 2227 461 2290 stant.
514 2215 695 2316 Incipiam
712 2245 734 2293 a
750 2218 974 2294 vulneribus.

187 2354 328 2422 omn
404 2326 450 2401 In
476 2324 532 2402 his
561 2341 686 2404 autem
717 2343 801 2406 ante
829 2334 953 2406 omnia
977 2333 1069 2407 scire
1094 2329 1186 2406 medi

354 2465 448 2539 quae
464 2442 677 2517 insanabilia
689 2446 771 2531 sint,
789 2470 883 2543 quae
901 2445 1085 2519 difficilem
1103 2468 1185 2519 cura

187 2581 333 2644 munos,
351 2553 473 2641 beant,
494 2579 587 2653 quae
611 2559 858 2654 promtiorem.
911 2557 979 2631 Est
1005 2560 1102 2632 enim
1128 2581 1184 2656 pn

351 2669 467 2754 minis,
498 2671 657 2766 primum
687 2696 783 2758 eum,
816 2672 879 2768 qui
909 2674 1043 2744 servari
1069 2694 1184 2770 non}

349 2781 540 2877 attingere,
562 2806 630 2856 nec
649 2784 770 2857 subire
796 2785 954 2882 speciem
982 2783 1070 2883 ejus,
1091 2795 1134 2858 ut
1151 2808 1183 2856 ot

348 2916 424 2964 sors
442 2895 554 2990 ipsius
573 2897 779 2971 interemit:
808 2896 952 2985 deinde,
972 2899 1035 2970 ubi
1053 2899 1174 2996 gravis

348 3017 448 3077 certa
478 3017 600 3079 tamen
629 3008 881 3107 desperatione
910 3028 975 3097 est,
1003 3010 1165 3084 indicare

344 3114 594 3210 periclitantis,
624 3121 662 3191 in
692 3121 828 3194 difficili
856 3148 932 3197 rem
959 3147 1062 3215 esse,
1090 3147 1149 3209 ne,
1177 3149 1181 3194 ι

343 3225 440 3298 malo
466 3224 589 3314 fuerit,
619 3230 678 3304 vel
709 3233 906 3329 ignorasse,
939 3236 1000 3309 vel
1027 3234 1180 3309 fefelliss

344 3336 417 3411 Sed
443 3348 485 3411 ut
512 3339 603 3414 haec
631 3343 803 3439 prudenti
831 3349 909 3421 viro
933 3351 1180 3440 conveniunt3

198 3460 217 3509 i·
232 3462 316 3511 doni·-
342 3447 524 3525 histrionis
542 3465 607 3539 est,
626 3478 774 3550 parvam
796 3482 872 3532 rem
899 3461 1076 3548 attollere,
1103 3487 1179 3560 quo

342 3564 473 3637 stitisse
490 3563 667 3638 videatur.
722 3569 889 3670 Obligan’
915 3600 1075 3672 aequum
1099 3590 1179 3649 esti

340 3691 506 3772 promtae
526 3678 588 3765 rei,
608 3704 685 3775 quo
707 3686 883 3760 curiosius
910 3691 1019 3761 etiam
1038 3691 1175 3762 circum

338 3788 440 3967 ¹‹puod
453 3813 519 3887 per
536 3813 575 3864 se
589 3793 763 3889 exiguum
783 3811 848 3886 est,
866 3800 982 3898 majus
996 3803 1178 3876 curantis:

362 3911 411 3970 at.

199 4048 212 4079 ι
239 4047 294 4082 ιω,
388 4017 423 4080 9.
452 4009 594 4086 Servari
618 4039 691 4089 non
718 4034 849 4117 potest,
877 4027 937 4099 cui
955 4027 1050 4100 basis
1069 4027 1176 4101 cereb

336 4122 396 4194 cui
415 4125 635 4215 stomachus,
657 4134 716 4204 cni
728 4133 906 4230 jocinoris
924 4152 1061 4237 portae,
1079 4143 1140 4213 cui
1154 4141 1178 4212 ir

336 4233 433 4308 dulla
457 4260 629 4333 percussa
655 4259 733 4335 est;
762 4251 897 4347 cuique
923 4266 987 4326 aut
1012 4253 1178 4351 pulmon
