2858 5296
437 122 647 173 tinnierunt:
669 126 742 174 nne.
764 126 812 173 rr.
1097 118 1164 181 155

68 290 79 309 ²
182 294 257 368 lll.
284 295 321 369 A
338 298 443 397 capim
467 300 642 373 transitus
667 299 715 373 ad
745 303 926 375 cervicem
954 316 1035 397 est3
1067 332 1293 405 quaenam

88 482 93 489 .
137 410 302 507 peribus
314 408 493 485 tdmodum
512 411 646 485 morbis
663 413 908 489 obnoxiaest.
960 416 1091 517 Neque
1108 436 1163 495 ta.

136 542 217 595 meu
231 520 318 597 atu
329 524 561 625 inportunior
575 528 792 624 acutiorque
809 529 959 603 morbus
971 544 1039 619 est,
1050 557 1161 631 quam

82 648 92 717 .“
137 632 402 737 ὶᾳιιίςιιοὼω
418 640 540 739 rigore
557 662 767 728 nervorum,
781 640 894 715 modo
905 656 1018 742 caput
1034 668 1161 745 scapu.

75 832 79 837 ,
135 744 185 831 lle
198 748 472 828 uodonentum
490 756 629 853 pectori
642 755 818 841 annectit,
837 754 950 829 modo
967 768 1107 831 rectam
1123 774 1162 834 et

135 859 330 939 immobilem
362 867 549 941 cervicem
581 866 752 942 intendit.
823 868 988 942 Priorem
1023 870 1161 946 Graeci

132 974 306 1069 mm,
316 981 574 1079 insequentem
587 982 835 1079 ipepoodirovov,
848 980 1017 1056 ultimum
1036 985 1161 1057 airum

129 1086 303 1189 rppulmt:
315 1093 489 1191 quamvis
500 1094 620 1166 minus
633 1092 812 1167 subtiliter
823 1094 972 1193 quidam
984 1094 1161 1195 indisere-

128 1198 222 1277 tite
235 1204 450 1279 nominibus
466 1218 631 1280 utuntur.
684 1204 739 1279 Ea
756 1230 863 1307 saepe
876 1209 972 1283 intra
984 1222 1157 1306 quartum

127 1312 199 1391 fleu
214 1316 377 1395 tollunt:
404 1325 437 1393 si
453 1319 553 1395 hunc
570 1332 776 1408 evaserunt,
789 1323 866 1396 sine
878 1321 1044 1421 periculo
1056 1337 1154 1399 sunt.
1275 1338 1282 1345 '

126 1422 243 1505 dudem
268 1432 395 1507 omnia
425 1435 565 1507 ratione
594 1446 796 1523 curantur3
828 1432 940 1531 idque
969 1438 1154 1510 convenit.

85 1538 92 1575 ³
126 1538 184 1615 sd
198 1544 437 1645 Asclepiades
454 1548 581 1644 utique
599 1545 821 1620 mittendum
839 1548 1053 1643 sanguinem
1077 1572 1156 1620 cre·

126 1650 229 1729 didit:
250 1658 347 1757 quod
362 1657 515 1757 quidam
529 1660 656 1756 utique
674 1656 866 1731 vitandum
880 1681 958 1731 esse
972 1657 1155 1743 dixerunt,

124 1768 269 1867 eoquod
282 1771 441 1845 mxime
464 1783 544 1846 tum
569 1796 703 1869 corpus
726 1768 847 1845 calore
874 1782 1022 1868 egeret:
1052 1771 1156 1869 isque

120 1894 200 1959 ue:
213 1884 252 1959 in
267 1885 459 1983 sauguine.
509 1883 650 1960 Verum
668 1883 739 1957 hoc
757 1882 905 1981 quidem
929 1882 1062 1957 falsum
1085 1897 1152 1958 est.

116 1990 231 2099 Neque
245 1999 347 2073 enim
364 2010 496 2073 natura
512 1998 696 2095 sanguinis
713 2010 779 2084 est,
801 2008 843 2071 ut
860 1998 988 2094 utique
1005 1996 1124 2071 caleat
1140 2013 1238 2094 392101
1248 2028 1299 2091 „m

113 2108 164 2183 ed
177 2134 226 2185 ex
242 2112 300 2197 iis,
327 2134 424 2209 quae
449 2112 486 2183 in
513 2111 659 2185 homine
683 2122 781 2194 sunt,
807 2110 866 2183 hic
890 2110 1080 2184 celerrime
1098 2110 1157 2185 vel
1165 2096 1224 2198 '0¹:2⁸
1224 2096 1317 2144 ‘W‘

112 2220 259 2313 ducit,
276 2222 342 2297 vel
358 2222 573 2321 refrigescit.
625 2222 728 2297 Mitti
752 2247 841 2297 vero
867 2246 985 2297 :necne
1011 2220 1154 2309 debeat,

109 2356 147 2409 ex
169 2338 214 2411 iis
237 2334 401 2435 intelligi
424 2348 555 2436 potest,
583 2361 677 2434 quae
702 2335 749 2409 de
774 2336 962 2431 sauguinis
986 2334 1157 2408 missione

107 2464 296 2551 praesepta
317 2460 417 2523 sunt.
467 2448 607 2547 Utique
632 2460 756 2523 autem
782 2460 884 2521 recte
909 2446 1019 2519 datur
1041 2460 1158 2519 casto-

108 2582 217 2649 mum,
229 2576 375 2639 etcum
393 2561 463 2637 hoc
480 2564 594 2663 piper,
615 2560 673 2637 vel
692 2559 810 2633 laser:
838 2557 972 2630 deinde
993 2580 1086 2655 opus
1102 2573 1157 2635 est

111 2668 267 2751 lomento
292 2674 449 2749 humido
477 2687 516 2750 et
544 2674 689 2750 calido:
717 2674 842 2769 itaque
871 2669 1037 2769 plerique
1060 2696 1156 2770 aqua

112 2784 223 2863 ulida
248 2789 365 2865 multa
389 2792 549 2864 cervices
573 2786 729 2862 subinde
754 2782 992 2883 perfundunt.
1044 2784 1091 2858 Id
1116 2788 1154 2859 in

111 2904 305 2997 praeseutia
329 2902 453 2995 levat;
481 2902 544 2976 sed
570 2900 848 3000 opportuniores
872 2921 1003 2971 nervos
1027 2896 1152 2998 frigori

113 3012 245 3089 reddit:
273 3014 376 3114 quod
402 3017 528 3113 utique
553 3012 742 3088 vitandum
768 3022 836 3085 est.
890 3009 1024 3085 Utilius
1041 3014 1154 3109 igitur

115 3138 169 3213 ul,
192 3142 319 3203 cerato
344 3127 502 3227 liquido·
525 3128 682 3225 primum
713 3126 893 3199 cervicem
919 3149 1151 3223 perungere:

59 3256 62 3281 ²
119 3236 236 3316 deinde
252 3240 451 3316 admovere
468 3243 606 3314 vesicas
623 3237 778 3313 bubulas
802 3236 860 3311 vel
880 3236 1056 3312 utriculos
1072 3236 1155 3310 oleo

122 3352 224 3429 tilido
245 3354 417 3455 repletos
443 3354 502 3428 vel
527 3378 574 3426 ex
599 3350 716 3425 farina
742 3350 901 3424 calidum
924 3348 1154 3447 cataplasma,

124 3462 282 3567 telpiper
304 3466 505 3542 rotundum
530 3490 616 3540 cum
641 3464 716 3539 ficu
740 3478 948 3538 contusum.
1000 3459 1155 3535 Utilissi-

128 3596 208 3651 mum
222 3594 345 3655 tamen
363 3578 429 3666 est,
448 3578 601 3653 humido
619 3577 692 3651 sale
711 3575 859 3650 fovere:
888 3573 988 3673 quod
1005 3598 1154 3672 quomo

127 3684 283 3781 uteret,
303 3694 383 3793 jam
400 3691 555 3767 ostendi.
607 3691 683 3767 Ubi
701 3714 827 3764 eorum
852 3686 992 3786 aliquid
1016 3685 1154 3761 lectum

129 3812 180 3889 el,
200 3804 394 3880 admovere
419 3805 466 3879 ad
491 3807 626 3904 ignem,
648 3803 705 3879 vel
733 3804 763 3875 si
788 3814 904 3876 aestas
929 3814 994 3887 est,
1023 3802 1061 3872 in
1079 3798 1154 3871 solo

60 4020 64 4061 Ι
132 3934 256 4012 &grum
272 3931 442 4016 oportet:
470 3920 703 4017 maximeque
720 3915 801 3991 oleo
815 3927 959 4004 vetere;
980 3914 1009 3987 si
1026 3911 1064 3985 id
1082 3932 1155 3982 non

291 4172 304 4199 ²
318 4169 377 4223 llnr
388 4178 437 4237 est,
449 4168 553 4242 duplico
565 4170 625 4224 oleo
636 4168 749 4240 adjecto.
785 4166 883 4219 Araus.
892 4162 936 4214 rii.
950 4165 988 4213 17.
