2858 5296
315 347 339 415 8
710 365 734 415 s
751 361 863 416 corn.
882 362 988 416 censs

315 537 577 615 auatmalibus
608 538 824 628 actionibus,
851 562 946 638 quae
978 535 1079 638 apud
1109 559 1148 613 eo

296 661 430 740 ‚amnt
449 650 514 727 sed
530 651 577 727 ab
594 652 862 750 experimentis,
880 663 990 751 prout
1014 650 1148 749 cuique

316 774 409 853 rant,
429 763 602 840 medendi
617 765 694 839 vias
719 765 904 840 traxerint.
956 762 1017 838 Ne
1041 764 1136 838 iuter

317 874 404 952 dem
429 878 474 954 ab
500 878 576 954 istis
601 877 872 976 quaestionibus
896 875 1094 952 deductam
1116 899 1150 950 er

316 1011 414 1079 nam,
429 989 552 1067 sedab
565 989 832 1090 experimentis.
883 988 1092 1086 Aegrorum
1104 1010 1152 1063 en

317 1102 470 1180 medicis
487 1113 601 1192 erant,
628 1100 716 1177 alios
740 1113 889 1202 propter
912 1101 1121 1177 aviditatem
1145 1125 1152 1201 1

317 1214 386 1291 bus
398 1216 564 1316 protinus
573 1215 1014 1303 cibummsumsissealios
1024 1225 1152 1314 propte

319 1327 533 1404 abstinuisse
546 1358 560 1422 3
586 1326 819 1427 levatumque
832 1328 947 1428 magis
958 1352 1085 1403 eorum
1099 1351 1153 1402 mo

319 1441 383 1539 qui
399 1440 657 1518 abstinuerant
708 1440 878 1541 Itemque
903 1442 992 1517 alios
1015 1442 1154 1541 inipso

320 1551 410 1651 quid
426 1553 554 1643 edisse,
571 1554 660 1631 alios
676 1555 786 1655 paulo
796 1575 881 1631 ante
894 1579 987 1643 eam,
1000 1553 1089 1630 alios
1101 1579 1155 1654 pot

318 1687 404 1741 nem
421 1665 525 1768 ejus:
552 1668 688 1767 optime
705 1666 838 1745 deinde
854 1669 897 1742 iis
912 1669 1071 1755 cessisse,
1086 1669 1149 1766 qui

317 1774 429 1854 febris
456 1778 496 1855 id
523 1779 698 1857 fecerant.
751 1779 963 1880 Eademque
998 1781 1138 1856 ratione

320 1893 498 1992 principia
513 1895 678 1993 protinus
695 1917 778 1968 usos
797 1918 874 1968 esse
898 1893 982 1968 cibo
1005 1891 1158 1993 pleniore

319 2003 434 2105 igu03
472 2008 730 2106 gravioresque
762 2031 825 2081 eos
848 2004 976 2093 factos,
1013 2006 1078 2105 qui
1101 2029 1141 2080 se

323 2117 429 2193 Haec
442 2117 642 2219 similiaque
658 2143 744 2204 cum
761 2118 925 2218 quotidie
942 2119 1157 2206 inciderent,

321 2229 486 2307 homines
502 2244 656 2319 notasse,
679 2256 773 2331 quae
789 2231 1005 2331 plerumque
1021 2230 1151 2306 melius

321 2356 428 2420 rent:
455 2342 589 2420 deiude
605 2344 877 2444 aegrotantibus
894 2369 940 2419 ea
961 2345 1162 2444 praecipere

322 2453 383 2532 Sic
399 2455 617 2532 medicinam
635 2468 761 2544 ortam,
781 2455 935 2531 subinde
952 2458 1105 2531 aliorum
1130 2480 1163 2531 sa

321 2593 404 2645 rum
420 2570 581 2659 interitu,
599 2571 804 2670 perniciosa,
816 2570 1081 2645 discernentem
1099 2594 1122 2644 a
1142 2593 1164 2645 st

325 2682 495 2784 Repertis
506 2682 638 2760 deiude
648 2684 726 2784 jam
736 2682 915 2771 remediis,
930 2683 1094 2758 homiues
1111 2682 1158 2759 de

322 2820 448 2871 eorum
467 2796 643 2872 disserere
665 2799 853 2897 coepisse3
881 2821 950 2872 uec
975 2808 1058 2896 post
1081 2796 1166 2871 ratio

322 2908 479 2986 dicinam
496 2935 573 2986 esse
590 2913 798 3005 iuventam3
825 2911 889 2986 sed
906 2923 988 3011 post
1012 2912 1167 2984 inventu

321 3046 418 3110 uam,
431 3023 606 3097 rationem
618 3049 696 3098 esse
709 3026 919 3123 quaesitam.
957 3023 1159 3123 Requirere

321 3136 375 3211 tio
390 3135 488 3210 idem
505 3131 636 3211 doceat
648 3135 748 3234 quod
765 3136 998 3234 experientia,
1012 3160 1059 3211 au
1071 3133 1171 3209 aliud

320 3270 579 3347 supervacuam
591 3271 690 3324 ease:
709 3249 739 3321 si
751 3246 861 3334 aliud,
873 3248 981 3322 etiam
993 3249 1171 3323 contraria

323 3374 443 3435 tamen
463 3357 621 3434 remedia
636 3358 860 3460 exploranda
875 3384 1016 3434 summa
1031 3386 1119 3436 cura
1134 3358 1172 3436 fu

321 3497 409 3548 vero
428 3472 507 3572 jam
536 3471 723 3572 explorata
752 3497 852 3565 esse;
879 3496 999 3572 neque
1024 3487 1089 3547 aut
1117 3497 1174 3548 nor

321 3585 532 3662 morborum
541 3586 700 3685 reperiri,
712 3598 777 3660 aut
790 3610 921 3660 novam
933 3585 1127 3661 desiderari
1141 3609 1175 3660 m

323 3698 437 3788 Quod
447 3700 477 3774 si
482 3699 561 3800 jam
573 3697 711 3774 incidat
721 3697 806 3772 mali
816 3723 933 3797 genus
945 3697 1092 3798 aliquod
1102 3700 1177 3797 igut

322 3810 407 3886 ideo
423 3824 545 3888 tamen
568 3811 648 3888 fore
672 3809 816 3887 medico
841 3812 887 3885 de
912 3812 1020 3885 rebus
1045 3812 1178 3909 cogitas

323 3926 459 4001 scurisr
498 3924 563 3998 sed
586 3948 672 3999 eum
697 3924 862 4022 protinus
887 3925 1059 4009 visurum,
1090 3924 1180 3997 cui:

321 4037 528 4135 proximum
546 4038 615 4129 sit3
642 4048 940 4135 tentaturumque
957 4035 1118 4112 remedia
1134 4037 1181 4110 sin

322 4174 415 4250 quae
432 4150 553 4224 vicino
569 4149 665 4224 malo
682 4175 788 4248 saepe
806 4152 1060 4236 succurrerint,
1089 4162 1125 4223 et
1142 4173 1183 4248 pe

321 4260 561 4338 militudinem
579 4286 687 4362 opem
704 4276 942 4361 reperturum.
994 4262 1125 4360 Neque
1150 4283 1185 4334 er

322 4399 416 4464 cere,
451 4372 601 4453 consilio
633 4374 816 4454 medicum
850 4399 924 4451 uon
957 4399 1077 4475 egere,
1103 4373 1186 4450 et‘ir
