<?xml version="1.0" encoding="UTF-8"?>
<!DOCTYPE html PUBLIC "-//W3C//DTD XHTML 1.0 Transitional//EN"
    "http://www.w3.org/TR/xhtml1/DTD/xhtml1-transitional.dtd">
<html xmlns="http://www.w3.org/1999/xhtml" xml:lang="en" lang="en">
 <head>
  <title>
</title>
<meta http-equiv="Content-Type" content="text/html;charset=utf-8" />
  <meta name='ocr-system' content='tesseract 3.04.00' />
  <meta name='ocr-capabilities' content='ocr_page ocr_carea ocr_par ocr_line ocrx_word'/>
</head>
<body>
  <div class='ocr_page' id='page_1' title='image "acorncelsimedic00targgoog_0166.png"; bbox 0 0 2858 5296; ppageno 0'>
   <div class='ocr_carea' id='block_1_1' title="bbox 416 741 1149 823">
    <p class='ocr_par' dir='ltr' id='par_1_1' title="bbox 416 741 1149 823">
     <span class='ocr_line' id='line_1_1' title="bbox 416 741 1149 823; baseline 0.018 -25"><span class='ocrx_word' id='word_1_1' title='bbox 416 747 632 799; x_wconf 75' lang='lat' dir='ltr'>arnurcruse</span> <span class='ocrx_word' id='word_1_2' title='bbox 651 746 725 797; x_wconf 78' lang='lat' dir='ltr'>ura.</span> <span class='ocrx_word' id='word_1_3' title='bbox 745 748 795 799; x_wconf 90' lang='lat' dir='ltr'>1v.</span> <span class='ocrx_word' id='word_1_4' title='bbox 1076 741 1149 823; x_wconf 73' lang='lat'>&#39;147</span> 
     </span>
    </p>
   </div>
   <div class='ocr_carea' id='block_1_2' title="bbox 89 920 1154 4860">
    <p class='ocr_par' dir='ltr' id='par_1_2' title="bbox 89 920 1146 2489">
     <span class='ocr_line' id='line_1_2' title="bbox 89 920 1146 1037; baseline 0.014 -45"><span class='ocrx_word' id='word_1_5' title='bbox 89 1004 92 1037; x_wconf 47' lang='grc'>,</span> <span class='ocrx_word' id='word_1_6' title='bbox 137 920 370 1020; x_wconf 83' lang='lat' dir='ltr'>hspinasuut:</span> <span class='ocrx_word' id='word_1_7' title='bbox 393 926 449 998; x_wconf 86' lang='lat' dir='ltr'>ita</span> <span class='ocrx_word' id='word_1_8' title='bbox 472 938 609 1010; x_wconf 87' lang='lat' dir='ltr'>tamen,</span> <span class='ocrx_word' id='word_1_9' title='bbox 637 936 678 999; x_wconf 92' lang='lat' dir='ltr'>ut</span> <span class='ocrx_word' id='word_1_10' title='bbox 694 947 742 997; x_wconf 83' lang='lat' dir='ltr'>ex</span> <span class='ocrx_word' id='word_1_11' title='bbox 759 938 863 1023; x_wconf 89' lang='lat' dir='ltr'>parte</span> <span class='ocrx_word' id='word_1_12' title='bbox 887 928 1064 1006; x_wconf 84' lang='lat' dir='ltr'>exteriore</span> <span class='ocrx_word' id='word_1_13' title='bbox 1089 958 1146 1007; x_wconf 85' lang='lat' dir='ltr'>as·</span> 
     </span>
     <span class='ocr_line' id='line_1_3' title="bbox 135 1036 1144 1144; baseline 0.013 -37"><span class='ocrx_word' id='word_1_14' title='bbox 135 1055 225 1129; x_wconf 86' lang='lat' dir='ltr'>pera;</span> <span class='ocrx_word' id='word_1_15' title='bbox 247 1058 288 1109; x_wconf 84' lang='lat' dir='ltr'>ex</span> <span class='ocrx_word' id='word_1_16' title='bbox 300 1036 475 1125; x_wconf 87' lang='lat' dir='ltr'>interiore,</span> <span class='ocrx_word' id='word_1_17' title='bbox 495 1036 673 1112; x_wconf 86' lang='lat' dir='ltr'><strong>stomachi</strong></span> <span class='ocrx_word' id='word_1_18' title='bbox 690 1036 801 1111; x_wconf 92' lang='lat' dir='ltr'>modo</span> <span class='ocrx_word' id='word_1_19' title='bbox 817 1036 929 1113; x_wconf 82' lang='lat' dir='ltr'>laesis</span> <span class='ocrx_word' id='word_1_20' title='bbox 946 1052 1003 1115; x_wconf 90' lang='lat' dir='ltr'>et:</span> <span class='ocrx_word' id='word_1_21' title='bbox 1028 1067 1144 1144; x_wconf 87' lang='lat' dir='ltr'>eaque</span> 
     </span>
     <span class='ocr_line' id='line_1_4' title="bbox 136 1144 1145 1249; baseline 0.011 -29"><span class='ocrx_word' id='word_1_22' title='bbox 136 1144 319 1223; x_wconf 79' lang='lat' dir='ltr'>descendens</span> <span class='ocrx_word' id='word_1_23' title='bbox 338 1149 385 1223; x_wconf 85' lang='lat' dir='ltr'>ad</span> <span class='ocrx_word' id='word_1_24' title='bbox 410 1149 626 1249; x_wconf 89' lang='lat' dir='ltr'>praecordia</span> <span class='ocrx_word' id='word_1_25' title='bbox 650 1174 736 1224; x_wconf 93' lang='lat' dir='ltr'>cum</span> <span class='ocrx_word' id='word_1_26' title='bbox 762 1150 936 1249; x_wconf 88' lang='lat' dir='ltr'><strong>pulmone</strong></span> <span class='ocrx_word' id='word_1_27' title='bbox 954 1157 1145 1231; x_wconf 88' lang='lat' dir='ltr'>committi-</span> 
     </span>
     <span class='ocr_line' id='line_1_5' title="bbox 137 1259 1144 1363; baseline 0.011 -32"><span class='ocrx_word' id='word_1_28' title='bbox 137 1270 189 1334; x_wconf 85' lang='lat' dir='ltr'><strong>tur.</strong></span> <span class='ocrx_word' id='word_1_29' title='bbox 219 1259 481 1362; x_wconf 82' lang='lat' dir='ltr'>lsspougiosus,</span> <span class='ocrx_word' id='word_1_30' title='bbox 501 1261 658 1362; x_wconf 88' lang='lat' dir='ltr'>ideoque</span> <span class='ocrx_word' id='word_1_31' title='bbox 675 1264 823 1362; x_wconf 87' lang='lat' dir='ltr'>spiritus</span> <span class='ocrx_word' id='word_1_32' title='bbox 836 1287 964 1363; x_wconf 83' lang='lat' dir='ltr'>capax,</span> <span class='ocrx_word' id='word_1_33' title='bbox 984 1278 1023 1339; x_wconf 89' lang='lat' dir='ltr'>et</span> <span class='ocrx_word' id='word_1_34' title='bbox 1038 1291 1061 1340; x_wconf 94' lang='lat' dir='ltr'>a</span> <span class='ocrx_word' id='word_1_35' title='bbox 1076 1277 1144 1342; x_wconf 78' lang='lat' dir='ltr'>ter-</span> 
     </span>
     <span class='ocr_line' id='line_1_6' title="bbox 135 1374 1145 1475; baseline 0.005 -27"><span class='ocrx_word' id='word_1_36' title='bbox 135 1374 363 1474; x_wconf 75' lang='lat' dir='ltr'>gospiureipsi</span> <span class='ocrx_word' id='word_1_37' title='bbox 371 1374 541 1475; x_wconf 86' lang='lat' dir='ltr'>junctus,</span> <span class='ocrx_word' id='word_1_38' title='bbox 570 1376 609 1449; x_wconf 91' lang='lat' dir='ltr'>in</span> <span class='ocrx_word' id='word_1_39' title='bbox 635 1374 725 1449; x_wconf 89' lang='lat' dir='ltr'>duas</span> <span class='ocrx_word' id='word_1_40' title='bbox 749 1375 867 1460; x_wconf 89' lang='lat' dir='ltr'>fibras,</span> <span class='ocrx_word' id='word_1_41' title='bbox 895 1376 1055 1475; x_wconf 85' lang='lat' dir='ltr'>ungulae</span> <span class='ocrx_word' id='word_1_42' title='bbox 1081 1378 1145 1453; x_wconf 91' lang='lat' dir='ltr'>bu·</span> 
     </span>
     <span class='ocr_line' id='line_1_7' title="bbox 136 1480 1145 1577; baseline 0.009 -22"><span class='ocrx_word' id='word_1_43' title='bbox 136 1480 211 1559; x_wconf 84' lang='lat' dir='ltr'>brrlae</span> <span class='ocrx_word' id='word_1_44' title='bbox 221 1486 334 1575; x_wconf 84' lang='lat' dir='ltr'>modo,</span> <span class='ocrx_word' id='word_1_45' title='bbox 354 1486 541 1561; x_wconf 88' lang='lat' dir='ltr'>dividitur.</span> <span class='ocrx_word' id='word_1_46' title='bbox 591 1486 693 1562; x_wconf 86' lang='lat' dir='ltr'>Huic</span> <span class='ocrx_word' id='word_1_47' title='bbox 716 1513 780 1561; x_wconf 92' lang='lat' dir='ltr'>cor</span> <span class='ocrx_word' id='word_1_48' title='bbox 797 1512 982 1564; x_wconf 82' lang='lat' dir='ltr'>annexum</span> <span class='ocrx_word' id='word_1_49' title='bbox 1000 1500 1066 1577; x_wconf 82' lang='lat' dir='ltr'>est,</span> <span class='ocrx_word' id='word_1_50' title='bbox 1085 1514 1145 1564; x_wconf 88' lang='lat' dir='ltr'>na·</span> 
     </span>
     <span class='ocr_line' id='line_1_8' title="bbox 133 1600 1146 1699; baseline 0.011 -33"><span class='ocrx_word' id='word_1_51' title='bbox 133 1606 187 1671; x_wconf 84' lang='lat' dir='ltr'>tura</span> <span class='ocrx_word' id='word_1_52' title='bbox 197 1600 449 1687; x_wconf 86' lang='lat' dir='ltr'>musculosum,</span> <span class='ocrx_word' id='word_1_53' title='bbox 466 1601 503 1673; x_wconf 94' lang='lat' dir='ltr'>iu</span> <span class='ocrx_word' id='word_1_54' title='bbox 516 1614 664 1699; x_wconf 88' lang='lat' dir='ltr'><strong>pectore</strong></span> <span class='ocrx_word' id='word_1_55' title='bbox 677 1602 744 1675; x_wconf 91' lang='lat' dir='ltr'>sub</span> <span class='ocrx_word' id='word_1_56' title='bbox 758 1602 976 1676; x_wconf 87' lang='lat' dir='ltr'>sinisteriore</span> <span class='ocrx_word' id='word_1_57' title='bbox 988 1626 1146 1677; x_wconf 85' lang='lat' dir='ltr'>mamma</span> 
     </span>
     <span class='ocr_line' id='line_1_9' title="bbox 129 1708 1145 1811; baseline 0.009 -31"><span class='ocrx_word' id='word_1_58' title='bbox 129 1708 223 1803; x_wconf 78' lang='lat' dir='ltr'>rituu3</span> <span class='ocrx_word' id='word_1_59' title='bbox 252 1712 424 1811; x_wconf 87' lang='lat' dir='ltr'>duosque</span> <span class='ocrx_word' id='word_1_60' title='bbox 449 1713 550 1811; x_wconf 85' lang='lat' dir='ltr'>quasi</span> <span class='ocrx_word' id='word_1_61' title='bbox 575 1712 796 1789; x_wconf 89' lang='lat' dir='ltr'>ventriculos</span> <span class='ocrx_word' id='word_1_62' title='bbox 821 1713 941 1789; x_wconf 89' lang='lat' dir='ltr'>habet.</span> <span class='ocrx_word' id='word_1_63' title='bbox 995 1713 1051 1788; x_wconf 84' lang='lat' dir='ltr'>At</span> <span class='ocrx_word' id='word_1_64' title='bbox 1073 1715 1145 1789; x_wconf 87' lang='lat' dir='ltr'>sub</span> 
     </span>
     <span class='ocr_line' id='line_1_10' title="bbox 127 1824 1145 1925; baseline 0.003 -27"><span class='ocrx_word' id='word_1_65' title='bbox 127 1824 202 1899; x_wconf 79' lang='lat' dir='ltr'>corde</span> <span class='ocrx_word' id='word_1_66' title='bbox 216 1837 326 1925; x_wconf 89' lang='lat' dir='ltr'>atque</span> <span class='ocrx_word' id='word_1_67' title='bbox 343 1824 530 1925; x_wconf 86' lang='lat' dir='ltr'><strong>pulmone,</strong></span> <span class='ocrx_word' id='word_1_68' title='bbox 552 1838 795 1901; x_wconf 79' lang='lat' dir='ltr'>transuersum</span> <span class='ocrx_word' id='word_1_69' title='bbox 820 1852 866 1901; x_wconf 82' lang='lat' dir='ltr'>ex</span> <span class='ocrx_word' id='word_1_70' title='bbox 892 1826 1012 1902; x_wconf 91' lang='lat' dir='ltr'>valida</span> <span class='ocrx_word' id='word_1_71' title='bbox 1032 1852 1145 1902; x_wconf 93' lang='lat' dir='ltr'>mem-</span> 
     </span>
     <span class='ocr_line' id='line_1_11' title="bbox 125 1930 1144 2039; baseline 0.004 -28"><span class='ocrx_word' id='word_1_72' title='bbox 125 1930 203 2012; x_wconf 83' lang='lat' dir='ltr'>luma</span> <span class='ocrx_word' id='word_1_73' title='bbox 217 1950 362 2039; x_wconf 90' lang='lat' dir='ltr'>septum</span> <span class='ocrx_word' id='word_1_74' title='bbox 379 1950 446 2026; x_wconf 83' lang='lat' dir='ltr'>est,</span> <span class='ocrx_word' id='word_1_75' title='bbox 467 1937 564 2037; x_wconf 91' lang='lat' dir='ltr'>quod</span> <span class='ocrx_word' id='word_1_76' title='bbox 583 1964 605 2012; x_wconf 90' lang='lat' dir='ltr'>a</span> <span class='ocrx_word' id='word_1_77' title='bbox 624 1939 842 2038; x_wconf 86' lang='lat' dir='ltr'>praecordiis</span> <span class='ocrx_word' id='word_1_78' title='bbox 868 1953 1012 2015; x_wconf 91' lang='lat' dir='ltr'>uterum</span> <span class='ocrx_word' id='word_1_79' title='bbox 1037 1940 1144 2015; x_wconf 90' lang='lat' dir='ltr'>didu-</span> 
     </span>
     <span class='ocr_line' id='line_1_12' title="bbox 122 2048 1144 2152; baseline 0.005 -32"><span class='ocrx_word' id='word_1_80' title='bbox 122 2048 173 2141; x_wconf 78' lang='lat' dir='ltr'>rit3</span> <span class='ocrx_word' id='word_1_81' title='bbox 192 2053 301 2152; x_wconf 90' lang='lat' dir='ltr'>idque</span> <span class='ocrx_word' id='word_1_82' title='bbox 318 2075 527 2139; x_wconf 88' lang='lat' dir='ltr'>nervosum,</span> <span class='ocrx_word' id='word_1_83' title='bbox 548 2052 669 2127; x_wconf 90' lang='lat' dir='ltr'>multis</span> <span class='ocrx_word' id='word_1_84' title='bbox 687 2058 797 2127; x_wconf 91' lang='lat' dir='ltr'>etiam</span> <span class='ocrx_word' id='word_1_85' title='bbox 816 2054 916 2126; x_wconf 90' lang='lat' dir='ltr'>venis</span> <span class='ocrx_word' id='word_1_86' title='bbox 933 2077 998 2151; x_wconf 88' lang='lat' dir='ltr'>per</span> <span class='ocrx_word' id='word_1_87' title='bbox 1017 2052 1057 2127; x_wconf 93' lang='lat' dir='ltr'>id</span> <span class='ocrx_word' id='word_1_88' title='bbox 1074 2053 1144 2128; x_wconf 90' lang='lat' dir='ltr'>dis-</span> 
     </span>
     <span class='ocr_line' id='line_1_13' title="bbox 120 2163 1143 2263; baseline 0.002 -26"><span class='ocrx_word' id='word_1_89' title='bbox 120 2166 330 2251; x_wconf 78' lang='lat' dir='ltr'>cunentihus,</span> <span class='ocrx_word' id='word_1_90' title='bbox 353 2190 376 2237; x_wconf 85' lang='lat' dir='ltr'>a</span> <span class='ocrx_word' id='word_1_91' title='bbox 393 2165 577 2263; x_wconf 84' lang='lat' dir='ltr'>superiore</span> <span class='ocrx_word' id='word_1_92' title='bbox 595 2177 709 2262; x_wconf 86' lang='lat' dir='ltr'>parte,</span> <span class='ocrx_word' id='word_1_93' title='bbox 736 2188 811 2238; x_wconf 92' lang='lat' dir='ltr'>uon</span> <span class='ocrx_word' id='word_1_94' title='bbox 828 2163 945 2238; x_wconf 90' lang='lat' dir='ltr'>solum</span> <span class='ocrx_word' id='word_1_95' title='bbox 963 2166 1143 2254; x_wconf 85' lang='lat' dir='ltr'>intestina,</span> 
     </span>
     <span class='ocr_line' id='line_1_14' title="bbox 120 2272 1144 2377; baseline 0.004 -30"><span class='ocrx_word' id='word_1_96' title='bbox 120 2272 171 2347; x_wconf 77' lang='lat' dir='ltr'>ed</span> <span class='ocrx_word' id='word_1_97' title='bbox 186 2275 289 2375; x_wconf 89' lang='lat' dir='ltr'>jecur</span> <span class='ocrx_word' id='word_1_98' title='bbox 303 2301 452 2377; x_wconf 90' lang='lat' dir='ltr'>quoque</span> <span class='ocrx_word' id='word_1_99' title='bbox 476 2278 682 2376; x_wconf 88' lang='lat' dir='ltr'>lienemque</span> <span class='ocrx_word' id='word_1_100' title='bbox 707 2276 892 2351; x_wconf 84' lang='lat' dir='ltr'>discernit.</span> <span class='ocrx_word' id='word_1_101' title='bbox 946 2276 1053 2351; x_wconf 89' lang='lat' dir='ltr'>Haec</span> <span class='ocrx_word' id='word_1_102' title='bbox 1079 2279 1144 2351; x_wconf 87' lang='lat' dir='ltr'>vis-</span> 
     </span>
     <span class='ocr_line' id='line_1_15' title="bbox 115 2387 1146 2489; baseline 0.004 -28"><span class='ocrx_word' id='word_1_103' title='bbox 115 2390 366 2489; x_wconf 83' lang='lat' dir='ltr'>ceraproxime,</span> <span class='ocrx_word' id='word_1_104' title='bbox 397 2388 463 2464; x_wconf 91' lang='lat' dir='ltr'>scd</span> <span class='ocrx_word' id='word_1_105' title='bbox 487 2387 582 2463; x_wconf 87' lang='lat' dir='ltr'>infra</span> <span class='ocrx_word' id='word_1_106' title='bbox 612 2402 732 2463; x_wconf 90' lang='lat' dir='ltr'>tamen</span> <span class='ocrx_word' id='word_1_107' title='bbox 750 2392 878 2488; x_wconf 84' lang='lat' dir='ltr'>posita,</span> <span class='ocrx_word' id='word_1_108' title='bbox 898 2389 1027 2466; x_wconf 84' lang='lat' dir='ltr'>dextra</span> <span class='ocrx_word' id='word_1_109' title='bbox 1043 2390 1146 2465; x_wconf 90' lang='lat' dir='ltr'>siuis-</span> 
     </span>
    </p>

    <p class='ocr_par' dir='ltr' id='par_1_3' title="bbox 98 2501 1147 3958">
     <span class='ocr_line' id='line_1_16' title="bbox 111 2501 1144 2603; baseline 0.002 -27"><span class='ocrx_word' id='word_1_110' title='bbox 111 2510 220 2603; x_wconf 74' lang='lat' dir='ltr'>lraque</span> <span class='ocrx_word' id='word_1_111' title='bbox 232 2516 331 2579; x_wconf 81' lang='lat' dir='ltr'>sunt.</span> <span class='ocrx_word' id='word_1_112' title='bbox 382 2502 497 2580; x_wconf 86' lang='lat' dir='ltr'>Jecur</span> <span class='ocrx_word' id='word_1_113' title='bbox 521 2529 544 2575; x_wconf 91' lang='lat' dir='ltr'>a</span> <span class='ocrx_word' id='word_1_114' title='bbox 568 2501 697 2578; x_wconf 85' lang='lat' dir='ltr'>dextra</span> <span class='ocrx_word' id='word_1_115' title='bbox 720 2517 823 2601; x_wconf 89' lang='lat' dir='ltr'>parte</span> <span class='ocrx_word' id='word_1_116' title='bbox 840 2504 906 2578; x_wconf 90' lang='lat' dir='ltr'>sub</span> <span class='ocrx_word' id='word_1_117' title='bbox 924 2503 1144 2603; x_wconf 86' lang='lat' dir='ltr'>praecordiis</span> 
     </span>
     <span class='ocr_line' id='line_1_17' title="bbox 104 2612 1143 2718; baseline 0 -27"><span class='ocrx_word' id='word_1_118' title='bbox 104 2612 142 2691; x_wconf 75' lang='lat' dir='ltr'>rh</span> <span class='ocrx_word' id='word_1_119' title='bbox 153 2618 230 2717; x_wconf 85' lang='lat' dir='ltr'>ipso</span> <span class='ocrx_word' id='word_1_120' title='bbox 244 2630 355 2718; x_wconf 86' lang='lat' dir='ltr'>septo</span> <span class='ocrx_word' id='word_1_121' title='bbox 370 2640 504 2703; x_wconf 79' lang='lat' dir='ltr'>orsum,</span> <span class='ocrx_word' id='word_1_122' title='bbox 524 2617 739 2691; x_wconf 85' lang='lat' dir='ltr'>intrinsecus</span> <span class='ocrx_word' id='word_1_123' title='bbox 756 2642 899 2706; x_wconf 89' lang='lat' dir='ltr'>cavum,</span> <span class='ocrx_word' id='word_1_124' title='bbox 918 2619 1143 2693; x_wconf 86' lang='lat' dir='ltr'>extrinsecus</span> 
     </span>
     <span class='ocr_line' id='line_1_18' title="bbox 99 2728 1144 2828; baseline -0.001 -24"><span class='ocrx_word' id='word_1_125' title='bbox 99 2728 239 2827; x_wconf 75' lang='lat' dir='ltr'>gibbum</span> <span class='ocrx_word' id='word_1_126' title='bbox 257 2743 341 2806; x_wconf 76' lang='lat' dir='ltr'>ost:</span> <span class='ocrx_word' id='word_1_127' title='bbox 368 2728 468 2828; x_wconf 92' lang='lat' dir='ltr'>quod</span> <span class='ocrx_word' id='word_1_128' title='bbox 483 2731 691 2828; x_wconf 90' lang='lat' dir='ltr'>prominens</span> <span class='ocrx_word' id='word_1_129' title='bbox 716 2730 844 2804; x_wconf 90' lang='lat' dir='ltr'>leviter</span> <span class='ocrx_word' id='word_1_130' title='bbox 861 2729 1065 2806; x_wconf 88' lang='lat' dir='ltr'>ventriculo</span> <span class='ocrx_word' id='word_1_131' title='bbox 1091 2732 1144 2803; x_wconf 93' lang='lat' dir='ltr'>in-</span> 
     </span>
     <span class='ocr_line' id='line_1_19' title="bbox 98 2841 1144 2942; baseline -0.001 -25"><span class='ocrx_word' id='word_1_132' title='bbox 98 2842 189 2933; x_wconf 81' lang='lat' dir='ltr'>ridet,</span> <span class='ocrx_word' id='word_1_133' title='bbox 216 2856 258 2920; x_wconf 89' lang='lat' dir='ltr'>et</span> <span class='ocrx_word' id='word_1_134' title='bbox 282 2845 324 2916; x_wconf 89' lang='lat' dir='ltr'>iu</span> <span class='ocrx_word' id='word_1_135' title='bbox 350 2857 505 2942; x_wconf 92' lang='lat' dir='ltr'>quatuor</span> <span class='ocrx_word' id='word_1_136' title='bbox 529 2841 635 2916; x_wconf 89' lang='lat' dir='ltr'>fibras</span> <span class='ocrx_word' id='word_1_137' title='bbox 660 2842 845 2917; x_wconf 89' lang='lat' dir='ltr'>dividitur.</span> <span class='ocrx_word' id='word_1_138' title='bbox 897 2844 957 2916; x_wconf 82' lang='lat' dir='ltr'>Ex</span> <span class='ocrx_word' id='word_1_139' title='bbox 976 2842 1144 2917; x_wconf 87' lang='lat' dir='ltr'>inferiore</span> 
     </span>
     <span class='ocr_line' id='line_1_20' title="bbox 99 2954 1145 3059; baseline -0.004 -27"><span class='ocrx_word' id='word_1_140' title='bbox 99 2978 175 3032; x_wconf 77' lang='lat' dir='ltr'>vero</span> <span class='ocrx_word' id='word_1_141' title='bbox 190 2972 299 3059; x_wconf 86' lang='lat' dir='ltr'>parte</span> <span class='ocrx_word' id='word_1_142' title='bbox 327 2958 361 3031; x_wconf 89' lang='lat' dir='ltr'>ei</span> <span class='ocrx_word' id='word_1_143' title='bbox 387 2955 435 3031; x_wconf 86' lang='lat' dir='ltr'>fel</span> <span class='ocrx_word' id='word_1_144' title='bbox 453 2955 628 3030; x_wconf 85' lang='lat' dir='ltr'>inhaeret.</span> <span class='ocrx_word' id='word_1_145' title='bbox 680 2954 865 3029; x_wconf 79' lang='lat' dir='ltr'>Athenis</span> <span class='ocrx_word' id='word_1_146' title='bbox 891 2957 1044 3042; x_wconf 88' lang='lat' dir='ltr'>sinistra,</span> <span class='ocrx_word' id='word_1_147' title='bbox 1071 2979 1145 3028; x_wconf 94' lang='lat' dir='ltr'>nou</span> 
     </span>
     <span class='ocr_line' id='line_1_21' title="bbox 98 3067 1145 3168; baseline 0 -27"><span class='ocrx_word' id='word_1_148' title='bbox 98 3067 207 3145; x_wconf 86' lang='lat' dir='ltr'>eidem</span> <span class='ocrx_word' id='word_1_149' title='bbox 223 3082 343 3168; x_wconf 86' lang='lat' dir='ltr'>septo,</span> <span class='ocrx_word' id='word_1_150' title='bbox 356 3067 421 3143; x_wconf 91' lang='lat' dir='ltr'>sed</span> <span class='ocrx_word' id='word_1_151' title='bbox 439 3069 610 3142; x_wconf 85' lang='lat' dir='ltr'>intestino</span> <span class='ocrx_word' id='word_1_152' title='bbox 626 3068 784 3140; x_wconf 87' lang='lat' dir='ltr'>innexus</span> <span class='ocrx_word' id='word_1_153' title='bbox 801 3081 866 3152; x_wconf 89' lang='lat' dir='ltr'>est,</span> <span class='ocrx_word' id='word_1_154' title='bbox 883 3079 1013 3140; x_wconf 87' lang='lat' dir='ltr'>natura</span> <span class='ocrx_word' id='word_1_155' title='bbox 1029 3067 1145 3141; x_wconf 92' lang='lat' dir='ltr'>mollis</span> 
     </span>
     <span class='ocr_line' id='line_1_22' title="bbox 100 3178 1145 3281; baseline 0 -28"><span class='ocrx_word' id='word_1_156' title='bbox 100 3192 257 3269; x_wconf 85' lang='lat' dir='ltr'>etratus,</span> <span class='ocrx_word' id='word_1_157' title='bbox 276 3181 518 3281; x_wconf 87' lang='lat' dir='ltr'>longitudinis</span> <span class='ocrx_word' id='word_1_158' title='bbox 535 3178 856 3278; x_wconf 90' lang='lat' dir='ltr'>crassitudinisque</span> <span class='ocrx_word' id='word_1_159' title='bbox 881 3178 1073 3271; x_wconf 87' lang='lat' dir='ltr'>modicae;</span> <span class='ocrx_word' id='word_1_160' title='bbox 1101 3181 1145 3254; x_wconf 86' lang='lat' dir='ltr'>is·</span> 
     </span>
     <span class='ocr_line' id='line_1_23' title="bbox 104 3294 1143 3395; baseline 0 -26"><span class='ocrx_word' id='word_1_161' title='bbox 104 3318 170 3393; x_wconf 89' lang='lat' dir='ltr'>que</span> <span class='ocrx_word' id='word_1_162' title='bbox 184 3296 332 3395; x_wconf 80' lang='lat' dir='ltr'>paulum</span> <span class='ocrx_word' id='word_1_163' title='bbox 347 3322 370 3369; x_wconf 87' lang='lat' dir='ltr'>a</span> <span class='ocrx_word' id='word_1_164' title='bbox 383 3308 562 3370; x_wconf 89' lang='lat' dir='ltr'>costarum</span> <span class='ocrx_word' id='word_1_165' title='bbox 576 3295 727 3392; x_wconf 82' lang='lat' dir='ltr'>regione</span> <span class='ocrx_word' id='word_1_166' title='bbox 744 3294 781 3366; x_wconf 93' lang='lat' dir='ltr'>in</span> <span class='ocrx_word' id='word_1_167' title='bbox 796 3306 939 3367; x_wconf 89' lang='lat' dir='ltr'>uterum</span> <span class='ocrx_word' id='word_1_168' title='bbox 952 3294 1143 3383; x_wconf 85' lang='lat' dir='ltr'>excedens,</span> 
     </span>
     <span class='ocr_line' id='line_1_24' title="bbox 105 3405 1147 3509; baseline 0 -28"><span class='ocrx_word' id='word_1_169' title='bbox 105 3430 147 3481; x_wconf 85' lang='lat' dir='ltr'>ex</span> <span class='ocrx_word' id='word_1_170' title='bbox 162 3409 318 3483; x_wconf 83' lang='lat' dir='ltr'>maxima</span> <span class='ocrx_word' id='word_1_171' title='bbox 334 3420 438 3508; x_wconf 90' lang='lat' dir='ltr'>parte</span> <span class='ocrx_word' id='word_1_172' title='bbox 455 3409 522 3483; x_wconf 92' lang='lat' dir='ltr'>sub</span> <span class='ocrx_word' id='word_1_173' title='bbox 536 3407 592 3482; x_wconf 93' lang='lat' dir='ltr'>his</span> <span class='ocrx_word' id='word_1_174' title='bbox 603 3405 784 3481; x_wconf 92' lang='lat' dir='ltr'>conditur.</span> <span class='ocrx_word' id='word_1_175' title='bbox 820 3405 947 3506; x_wconf 85' lang='lat' dir='ltr'>Atque</span> <span class='ocrx_word' id='word_1_176' title='bbox 961 3408 1050 3484; x_wconf 89' lang='lat' dir='ltr'>haec</span> <span class='ocrx_word' id='word_1_177' title='bbox 1068 3411 1147 3509; x_wconf 92' lang='lat' dir='ltr'>qui-</span> 
     </span>
     <span class='ocr_line' id='line_1_25' title="bbox 106 3518 1147 3621; baseline 0 -26"><span class='ocrx_word' id='word_1_178' title='bbox 106 3518 178 3595; x_wconf 88' lang='lat' dir='ltr'>dem</span> <span class='ocrx_word' id='word_1_179' title='bbox 189 3520 323 3621; x_wconf 87' lang='lat' dir='ltr'>juncta</span> <span class='ocrx_word' id='word_1_180' title='bbox 339 3533 436 3595; x_wconf 89' lang='lat' dir='ltr'>sunt.</span> <span class='ocrx_word' id='word_1_181' title='bbox 490 3522 614 3594; x_wconf 89' lang='lat' dir='ltr'>Renes</span> <span class='ocrx_word' id='word_1_182' title='bbox 631 3545 719 3594; x_wconf 91' lang='lat' dir='ltr'>vero</span> <span class='ocrx_word' id='word_1_183' title='bbox 742 3519 897 3612; x_wconf 84' lang='lat' dir='ltr'>diversi;</span> <span class='ocrx_word' id='word_1_184' title='bbox 926 3523 988 3619; x_wconf 92' lang='lat' dir='ltr'>qui</span> <span class='ocrx_word' id='word_1_185' title='bbox 1014 3523 1147 3597; x_wconf 91' lang='lat' dir='ltr'>lumbis</span> 
     </span>
     <span class='ocr_line' id='line_1_26' title="bbox 105 3633 1145 3730; baseline 0.001 -21"><span class='ocrx_word' id='word_1_186' title='bbox 105 3634 162 3709; x_wconf 79' lang='lat' dir='ltr'>sub</span> <span class='ocrx_word' id='word_1_187' title='bbox 177 3636 259 3709; x_wconf 89' lang='lat' dir='ltr'>imis</span> <span class='ocrx_word' id='word_1_188' title='bbox 276 3636 387 3708; x_wconf 89' lang='lat' dir='ltr'>costis</span> <span class='ocrx_word' id='word_1_189' title='bbox 404 3633 606 3718; x_wconf 88' lang='lat' dir='ltr'>inhaerent,</span> <span class='ocrx_word' id='word_1_190' title='bbox 623 3658 645 3705; x_wconf 86' lang='lat' dir='ltr'>a</span> <span class='ocrx_word' id='word_1_191' title='bbox 662 3644 764 3730; x_wconf 87' lang='lat' dir='ltr'>parte</span> <span class='ocrx_word' id='word_1_192' title='bbox 782 3658 905 3707; x_wconf 90' lang='lat' dir='ltr'>earum</span> <span class='ocrx_word' id='word_1_193' title='bbox 922 3635 1080 3724; x_wconf 89' lang='lat' dir='ltr'>rotundi,</span> <span class='ocrx_word' id='word_1_194' title='bbox 1099 3638 1145 3710; x_wconf 88' lang='lat' dir='ltr'>ab</span> 
     </span>
     <span class='ocr_line' id='line_1_27' title="bbox 108 3742 1147 3846; baseline 0.004 -27"><span class='ocrx_word' id='word_1_195' title='bbox 108 3742 205 3821; x_wconf 78' lang='lat' dir='ltr'>utera</span> <span class='ocrx_word' id='word_1_196' title='bbox 222 3749 343 3821; x_wconf 90' lang='lat' dir='ltr'>resimi</span> <span class='ocrx_word' id='word_1_197' title='bbox 360 3777 372 3838; x_wconf 79' lang='lat'>3</span> <span class='ocrx_word' id='word_1_198' title='bbox 400 3749 463 3846; x_wconf 91' lang='lat' dir='ltr'>qui</span> <span class='ocrx_word' id='word_1_199' title='bbox 480 3758 519 3821; x_wconf 90' lang='lat' dir='ltr'>et</span> <span class='ocrx_word' id='word_1_200' title='bbox 534 3746 659 3820; x_wconf 89' lang='lat' dir='ltr'>venosi</span> <span class='ocrx_word' id='word_1_201' title='bbox 676 3757 772 3832; x_wconf 88' lang='lat' dir='ltr'>sunt,</span> <span class='ocrx_word' id='word_1_202' title='bbox 792 3758 831 3821; x_wconf 90' lang='lat' dir='ltr'>et</span> <span class='ocrx_word' id='word_1_203' title='bbox 848 3748 1069 3822; x_wconf 90' lang='lat' dir='ltr'>ventriculos</span> <span class='ocrx_word' id='word_1_204' title='bbox 1085 3749 1147 3823; x_wconf 89' lang='lat' dir='ltr'>ha-</span> 
     </span>
     <span class='ocr_line' id='line_1_28' title="bbox 110 3854 800 3958; baseline 0 -27"><span class='ocrx_word' id='word_1_205' title='bbox 110 3854 195 3947; x_wconf 81' lang='lat' dir='ltr'>hent,</span> <span class='ocrx_word' id='word_1_206' title='bbox 212 3878 251 3934; x_wconf 89' lang='lat' dir='ltr'>ct</span> <span class='ocrx_word' id='word_1_207' title='bbox 267 3860 402 3934; x_wconf 90' lang='lat' dir='ltr'>tunicis</span> <span class='ocrx_word' id='word_1_208' title='bbox 419 3884 528 3958; x_wconf 90' lang='lat' dir='ltr'>super</span> <span class='ocrx_word' id='word_1_209' title='bbox 545 3870 800 3956; x_wconf 86' lang='lat' dir='ltr'>conteguntur.</span> 
     </span>
    </p>

    <p class='ocr_par' dir='ltr' id='par_1_4' title="bbox 115 3970 1154 4860">
     <span class='ocr_line' id='line_1_29' title="bbox 153 3970 1146 4071; baseline 0.002 -26"><span class='ocrx_word' id='word_1_210' title='bbox 153 3970 206 4046; x_wconf 84' lang='lat' dir='ltr'>hc</span> <span class='ocrx_word' id='word_1_211' title='bbox 223 3974 404 4047; x_wconf 90' lang='lat' dir='ltr'>viscerum</span> <span class='ocrx_word' id='word_1_212' title='bbox 423 3971 570 4071; x_wconf 91' lang='lat' dir='ltr'>quidem</span> <span class='ocrx_word' id='word_1_213' title='bbox 585 3971 652 4044; x_wconf 92' lang='lat' dir='ltr'>hae</span> <span class='ocrx_word' id='word_1_214' title='bbox 670 3970 773 4045; x_wconf 88' lang='lat' dir='ltr'>sedes</span> <span class='ocrx_word' id='word_1_215' title='bbox 791 3984 887 4045; x_wconf 87' lang='lat' dir='ltr'>sunt.</span> <span class='ocrx_word' id='word_1_216' title='bbox 931 3971 1146 4047; x_wconf 86' lang='lat' dir='ltr'>Stomachus</span> 
     </span>
     <span class='ocr_line' id='line_1_30' title="bbox 115 4085 1147 4185; baseline 0.004 -28"><span class='ocrx_word' id='word_1_217' title='bbox 115 4104 195 4171; x_wconf 81' lang='lat' dir='ltr'>tero,</span> <span class='ocrx_word' id='word_1_218' title='bbox 224 4087 287 4185; x_wconf 92' lang='lat' dir='ltr'>qui</span> <span class='ocrx_word' id='word_1_219' title='bbox 317 4087 573 4160; x_wconf 90' lang='lat' dir='ltr'>intestinorum</span> <span class='ocrx_word' id='word_1_220' title='bbox 591 4085 811 4183; x_wconf 92' lang='lat' dir='ltr'>principium</span> <span class='ocrx_word' id='word_1_221' title='bbox 837 4096 903 4168; x_wconf 88' lang='lat' dir='ltr'>est,</span> <span class='ocrx_word' id='word_1_222' title='bbox 929 4109 1101 4160; x_wconf 87' lang='lat' dir='ltr'>nervosus</span> <span class='ocrx_word' id='word_1_223' title='bbox 1125 4113 1147 4161; x_wconf 85' lang='lat' dir='ltr'>a</span> 
     </span>
     <span class='ocr_line' id='line_1_31' title="bbox 116 4197 1150 4297; baseline 0.002 -26"><span class='ocrx_word' id='word_1_224' title='bbox 116 4198 250 4293; x_wconf 79' lang='lat' dir='ltr'>teptirna</span> <span class='ocrx_word' id='word_1_225' title='bbox 280 4199 406 4297; x_wconf 86' lang='lat' dir='ltr'>spinae</span> <span class='ocrx_word' id='word_1_226' title='bbox 440 4197 607 4272; x_wconf 90' lang='lat' dir='ltr'>vertebra</span> <span class='ocrx_word' id='word_1_227' title='bbox 634 4197 785 4296; x_wconf 82' lang='lat' dir='ltr'>incipit3</span> <span class='ocrx_word' id='word_1_228' title='bbox 817 4198 914 4270; x_wconf 85' lang='lat' dir='ltr'>circa</span> <span class='ocrx_word' id='word_1_229' title='bbox 938 4199 1150 4295; x_wconf 87' lang='lat' dir='ltr'>praecordia</span> 
     </span>
     <span class='ocr_line' id='line_1_32' title="bbox 117 4309 1148 4396; baseline 0.009 -19"><span class='ocrx_word' id='word_1_230' title='bbox 117 4328 186 4383; x_wconf 90' lang='lat' dir='ltr'>curu</span> <span class='ocrx_word' id='word_1_231' title='bbox 213 4310 417 4385; x_wconf 87' lang='lat' dir='ltr'>ventriculo</span> <span class='ocrx_word' id='word_1_232' title='bbox 447 4311 696 4385; x_wconf 88' lang='lat' dir='ltr'>committitur.</span> <span class='ocrx_word' id='word_1_233' title='bbox 753 4309 986 4383; x_wconf 88' lang='lat' dir='ltr'>Ventriculus</span> <span class='ocrx_word' id='word_1_234' title='bbox 1014 4325 1148 4396; x_wconf 88' lang='lat' dir='ltr'>autem,</span> 
     </span>
     <span class='ocr_line' id='line_1_33' title="bbox 119 4420 1150 4523; baseline 0.006 -33"><span class='ocrx_word' id='word_1_235' title='bbox 119 4420 167 4515; x_wconf 91' lang='lat' dir='ltr'>qui</span> <span class='ocrx_word' id='word_1_236' title='bbox 182 4422 453 4522; x_wconf 88' lang='lat' dir='ltr'>receptaculum</span> <span class='ocrx_word' id='word_1_237' title='bbox 472 4425 542 4497; x_wconf 90' lang='lat' dir='ltr'>cibi</span> <span class='ocrx_word' id='word_1_238' title='bbox 561 4437 626 4511; x_wconf 91' lang='lat' dir='ltr'>est,</span> <span class='ocrx_word' id='word_1_239' title='bbox 647 4434 790 4497; x_wconf 88' lang='lat' dir='ltr'>constat</span> <span class='ocrx_word' id='word_1_240' title='bbox 806 4448 852 4496; x_wconf 84' lang='lat' dir='ltr'>ex</span> <span class='ocrx_word' id='word_1_241' title='bbox 872 4421 1014 4497; x_wconf 93' lang='lat' dir='ltr'>duobus</span> <span class='ocrx_word' id='word_1_242' title='bbox 1031 4438 1150 4523; x_wconf 84' lang='lat' dir='ltr'>tergu-</span> 
     </span>
     <span class='ocr_line' id='line_1_34' title="bbox 120 4532 1151 4635; baseline 0.004 -31"><span class='ocrx_word' id='word_1_243' title='bbox 120 4532 220 4626; x_wconf 80' lang='lat' dir='ltr'>ribus3</span> <span class='ocrx_word' id='word_1_244' title='bbox 247 4539 350 4635; x_wconf 92' lang='lat' dir='ltr'>isque</span> <span class='ocrx_word' id='word_1_245' title='bbox 368 4539 463 4612; x_wconf 89' lang='lat' dir='ltr'>inter</span> <span class='ocrx_word' id='word_1_246' title='bbox 479 4536 612 4610; x_wconf 90' lang='lat' dir='ltr'>lienem</span> <span class='ocrx_word' id='word_1_247' title='bbox 631 4548 668 4609; x_wconf 91' lang='lat' dir='ltr'>et</span> <span class='ocrx_word' id='word_1_248' title='bbox 678 4535 788 4634; x_wconf 85' lang='lat' dir='ltr'>jecur</span> <span class='ocrx_word' id='word_1_249' title='bbox 805 4535 942 4633; x_wconf 88' lang='lat' dir='ltr'>positus</span> <span class='ocrx_word' id='word_1_250' title='bbox 959 4549 1025 4623; x_wconf 84' lang='lat' dir='ltr'>est,</span> <span class='ocrx_word' id='word_1_251' title='bbox 1053 4551 1151 4611; x_wconf 90' lang='lat' dir='ltr'>utro-</span> 
     </span>
     <span class='ocr_line' id='line_1_35' title="bbox 121 4647 1152 4749; baseline 0.001 -31"><span class='ocrx_word' id='word_1_252' title='bbox 121 4666 177 4739; x_wconf 87' lang='lat' dir='ltr'>que</span> <span class='ocrx_word' id='word_1_253' title='bbox 192 4676 235 4722; x_wconf 83' lang='lat' dir='ltr'>ex</span> <span class='ocrx_word' id='word_1_254' title='bbox 253 4650 310 4723; x_wconf 90' lang='lat' dir='ltr'>his</span> <span class='ocrx_word' id='word_1_255' title='bbox 322 4649 472 4749; x_wconf 92' lang='lat' dir='ltr'>paulum</span> <span class='ocrx_word' id='word_1_256' title='bbox 483 4675 592 4749; x_wconf 91' lang='lat' dir='ltr'>super</span> <span class='ocrx_word' id='word_1_257' title='bbox 603 4674 688 4723; x_wconf 92' lang='lat' dir='ltr'>eum</span> <span class='ocrx_word' id='word_1_258' title='bbox 700 4647 937 4745; x_wconf 83' lang='lat' dir='ltr'>ingrediente.</span> <span class='ocrx_word' id='word_1_259' title='bbox 986 4649 1152 4744; x_wconf 88' lang='lat' dir='ltr'>Suntque</span> 
     </span>
     <span class='ocr_line' id='line_1_36' title="bbox 120 4758 1154 4860; baseline -0.001 -29"><span class='ocrx_word' id='word_1_260' title='bbox 120 4760 211 4836; x_wconf 82' lang='lat' dir='ltr'>uiam</span> <span class='ocrx_word' id='word_1_261' title='bbox 236 4763 505 4839; x_wconf 87' lang='lat' dir='ltr'>membranulae</span> <span class='ocrx_word' id='word_1_262' title='bbox 534 4782 672 4850; x_wconf 79' lang='lat' dir='ltr'>tenueS,</span> <span class='ocrx_word' id='word_1_263' title='bbox 705 4785 770 4860; x_wconf 82' lang='lat' dir='ltr'>per</span> <span class='ocrx_word' id='word_1_264' title='bbox 795 4785 885 4858; x_wconf 90' lang='lat' dir='ltr'>quas</span> <span class='ocrx_word' id='word_1_265' title='bbox 902 4761 996 4834; x_wconf 88' lang='lat' dir='ltr'>inter</span> <span class='ocrx_word' id='word_1_266' title='bbox 1022 4783 1060 4832; x_wconf 91' lang='lat' dir='ltr'>se</span> <span class='ocrx_word' id='word_1_267' title='bbox 1086 4758 1154 4831; x_wconf 85' lang='lat' dir='ltr'>tria</span> 
     </span>
    </p>
   </div>
   <div class='ocr_carea' id='block_1_3' title="bbox 0 0 1442 5296">
    <p class='ocr_par' dir='ltr' id='par_1_5' title="bbox 0 0 1442 5296">
     <span class='ocr_line' id='line_1_37' title="bbox 0 0 1442 5296; baseline 0 0"><span class='ocrx_word' id='word_1_268' title='bbox 0 0 1442 5296; x_wconf 95' lang='lat' dir='ltr'> </span> 
     </span>
    </p>
   </div>
  </div>
 </body>
</html>
