2858 5296
176 1310 301 1381 Spleuitit.

351 309 424 391 172
731 319 767 367 n.
788 317 901 369 cons.
920 316 1028 368 caasr

337 499 485 572 inimica
501 504 599 573 sunt
623 508 629 515 “
652 491 819 568 Perfusio
843 492 1010 592 corporis-
1026 492 1146 568 multa
1170 517 1185 594 p

338 635 444 708 aqua,
472 613 502 683 si
520 609 637 683 hiems
652 618 719 694 est.
749 605 894 698 calidag
921 606 951 679 si
974 618 1103 693 aestas,
1127 621 1184 707 tep

339 721 495 797 liberalis
513 723 650 808 unctio,
678 733 718 795 et
734 720 772 793 in
789 717 922 793 balneo
946 718 1069 793 sudor.
1122 720 1163 794 Si
1180 746 1184 767 ¹

339 837 483 911 vomica
499 834 649 920 laborat,
677 832 805 907 eadem
822 830 991 906 facienda
1006 844 1108 920 erint,
1130 858 1182 933 qu

339 951 387 1024 ris
421 946 653 1024 interioribus
688 945 1020 1044 suppurationibus.
1086 945 1183 1034 Quid

338 1074 467 1138 contra
482 1061 522 1137 id
539 1058 712 1158 scalpello
729 1059 908 1157 aperiunt,
924 1071 961 1133 et
974 1059 1089 1157 ipsam
1105 1084 1182 1135 von

338 1189 437 1250 runt.

389 1288 460 1364 IX.
487 1289 543 1363 At
559 1286 663 1361 lienis
681 1287 745 1361 ubi
762 1286 914 1362 affectus
939 1296 1005 1375 est,
1031 1288 1181 1364 intumet

338 1427 411 1501 que
429 1426 516 1475 curn
534 1424 579 1474 eo
603 1424 687 1499 pars
714 1401 880 1492 sinistra3
907 1425 1023 1500 eaque
1048 1400 1142 1476 dura
1165 1426 1181 1478 e

338 1515 453 1590 menti
471 1513 661 1588 renititur:
689 1525 818 1588 venter
842 1514 1006 1589 intentus
1023 1525 1100 1588 ests
1128 1515 1180 1590 ali

338 1627 507 1703 cruribus
524 1639 647 1701 tumor
663 1639 741 1701 est:
769 1626 893 1705 ulcera
919 1638 983 1701 aut
1006 1629 1159 1703 omnino

338 1751 441 1827 cunt,
460 1753 525 1814 aut
542 1751 642 1815 certe
660 1742 867 1816 cicatricem
885 1741 948 1814 vix
969 1742 1172 1839 recipiunt:

338 1852 587 1929 ambulatione
612 1878 796 1952 cursuque
821 1853 926 1927 dolor
941 1865 980 1929 et
997 1855 1177 1953 quaedam

338 1979 405 2042 est
460 1966 547 2041 Hoc
565 1968 694 2043 viuum
711 1969 815 2066 quies
832 1979 967 2064 auget:
994 1968 1118 2067 itaque
1131 1993 1179 2044 ex

338 2091 378 2153 et
394 2079 537 2153 labore·
553 2104 646 2177 opus
659 2092 736 2170 est;
756 2079 879 2154 habita
892 2092 1013 2154 tamen
1028 2082 1179 2172 ratione,

339 2191 419 2277 ista,
436 2193 466 2265 si
486 2191 638 2265 nimium
665 2192 918 2290 processerint,
946 2194 1122 2269 excitent
1175 2195 1178 2204 ⁴

338 2304 611 2401 frictionesque,
642 2316 681 2378 et
708 2305 858 2379 sudores
887 2310 1081 2381 necessarii
1109 2332 1178 2383 sun

338 2418 462 2492 omnia
490 2418 639 2492 inimica
672 2430 782 2506 sunt;
818 2420 906 2493 item
937 2422 994 2494 lac
1028 2433 1066 2497 et
1099 2447 1178 2498 case

339 2545 462 2606 autem
480 2532 640 2605 maxime
658 2535 894 2607 conveniunt.
947 2534 1048 2632 Ergo
1065 2548 1178 2610 acetu:

339 2671 378 2721 se
404 2647 560 2732 sorbere,
591 2659 629 2721 et
660 2646 775 2743 magis
803 2648 924 2733 etiam,
946 2648 1047 2745 quod
1076 2648 1178 2724 scilla

340 2773 407 2847 est,
427 2758 587 2859 expedit.
633 2759 788 2833 Edenda
806 2773 891 2835 sunt
908 2759 1134 2849 salsamenta,
1155 2789 1177 2837 v

341 2875 458 2946 muria
476 2873 590 2963 dura;
610 2873 747 2947 tinctae
764 2874 801 2944 in
820 2886 925 2947 aceto
943 2872 1118 2961 lactucae,
1139 2877 1176 2948 in

340 2986 482 3071 eodem,
502 2986 608 3058 betae
622 3012 668 3066 ex
687 2989 813 3085 sinapi,
834 3011 1039 3085 asparagus,
1056 3013 1177 3062 armor

341 3123 443 3183 naca,
459 3097 631 3193 ungulae,
651 3112 775 3183 rostra,
794 3126 878 3173 aves
896 3126 1050 3188 macrae,
1071 3102 1175 3201 ejusd

341 3210 498 3281 venatio.
552 3207 660 3282 Potui
678 3235 765 3282 vero
785 3211 915 3309 jejuno
942 3214 1019 3287 dari
1044 3215 1178 3291 debetr

342 3324 553 3396 incoctum:
580 3334 618 3395 at
643 3335 726 3419 post
751 3325 875 3397 cibum
893 3352 988 3424 aqua
1011 3328 1179 3402 aferrari

335 3461 416 3534 ‘qua
432 3433 592 3508 candens
610 3433 747 3506 ferrum
762 3437 916 3511 subinde
929 3442 1084 3514 tinctum
1099 3443 1166 3517 sits

343 3547 400 3622 vel
420 3547 615 3645 praecipue
632 3545 765 3620 lienem
780 3554 934 3624 coercet.
977 3553 1089 3640 Quod
1101 3557 1179 3627 auin

342 3664 451 3733 estin
468 3661 511 3732 iis
528 3659 753 3747 animalibus
783 3688 876 3758 quae
894 3667 993 3762 apud
1018 3666 1082 3738 lios
1100 3666 1179 3742 fabr

342 3773 496 3869 exiguos
528 3771 638 3845 lienes
670 3773 815 3847 habeut.
872 3776 996 3851 Potest
1022 3781 1132 3851 etiam
1163 3781 1179 3854 ε’

343 3902 465 3997 tenue,
494 3904 677 3961 austerum
694 3920 704 3980 3
734 3893 928 3990 omniaque
947 3897 982 3966 in
1002 3897 1091 3970 cibis
1110 3909 1148 3971 et
1173 3923 1180 3995 ]

343 4025 436 4096 quae
464 4003 588 4073 urinae
614 4003 816 4076 movendae
834 4021 930 4079 sunt.
984 4008 1180 4107 Praecipue

343 4112 438 4185 valet
465 4111 521 4184 vel
548 4113 670 4187 trifolii
697 4140 832 4201 semen,
862 4121 919 4191 vel
947 4124 1148 4209 cuminum,
1177 4151 1181 4164 ·

343 4225 400 4300 vel
418 4225 627 4325 serpyllum,
648 4229 704 4302 vcl
723 4232 894 4328 cytisuss
912 4234 967 4306 vel
993 4238 1181 4333 portulaca

376 4387 388 4413 ὃ
408 4378 483 4430 linea
495 4377 527 4429 de
540 4377 703 4449 equitatione
716 4401 723 4442 ;
743 4381 811 4435 Med.
826 4383 899 4437 Ohir.
914 4384 1006 4438 Trans.
1088 4377 1182 4457 l'Cytb

341 4462 481 4532 nigricans.
494 4460 524 4516 L.

393 4754 405 4789 l
