2858 5296
185 1353 308 1403 Reciditu-

347 351 394 427 98
737 367 773 415 Α.
793 366 905 416 cortu.
925 365 1032 417 canu

348 542 596 618 nominabant.
651 539 704 613 Hi
720 553 825 616 eraut
841 540 918 615 dies
934 540 1072 626 tertius,
1098 539 1181 638 quin

347 681 439 743 mus,
467 678 598 741 nonus,
612 652 850 741 undecimus,
877 653 1180 752 quartusdecimru

347 771 563 860 vicesimus,
591 767 642 842 ita
668 780 709 842 ut
734 792 876 841 summa
892 769 1056 866 potentia
1077 769 1179 868 septis

347 881 632 982 quartodecimo,
650 879 783 954 deinde
800 882 865 954 uni
881 893 921 955 et
935 882 1107 957 vicesimo
1118 880 1178 955 dar

348 1013 408 1071 tur
425 997 477 1070 sic
494 1018 622 1093 aegros
647 994 867 1081 nutriebant,
894 1006 936 1068 ut
961 993 1103 1069 dierum
1127 995 1176 1068 im

348 1111 527 1184 cessiones
544 1117 820 1205 exspectarent:
847 1106 980 1182 deinde
997 1120 1123 1205 postea
1139 1107 1176 1181 ci

349 1221 544 1296 levioribus
568 1219 836 1293 accessionibus
861 1220 1089 1306 instantibus,
1117 1218 1175 1293 dm

351 1348 392 1409 ut
411 1334 666 1433 Hippocrates,
682 1333 712 1404 si
724 1330 795 1405 alio
812 1330 872 1406 die
888 1330 999 1406 febris
1016 1331 1174 1419 desisset,

348 1449 476 1523 timere
500 1447 546 1520 sit
570 1442 708 1518 solitus.
761 1444 808 1518 Id
829 1444 1067 1544 Asclepiades
1085 1445 1171 1544 jure

346 1558 574 1656 repudiavit,
601 1582 721 1655 neque
745 1558 782 1630 iu
802 1557 877 1631 ullo
894 1558 965 1645 die,
984 1559 1070 1657 quia
1084 1559 1173 1657 pari

348 1684 414 1760 set,
440 1673 483 1745 iis
507 1669 565 1745 vel
588 1670 705 1770 majus
730 1669 788 1744 vel
813 1672 932 1744 minus
956 1669 1159 1770 periculum

348 1784 541 1859 Interdum
565 1784 662 1857 enim
679 1782 820 1882 pejores
837 1784 914 1858 dies
931 1809 1035 1882 pares
1061 1785 1172 1876 fiunt,

347 1899 470 1973 tunius
486 1909 569 1995 post
591 1921 718 1970 eorum
744 1898 969 1971 accessiones
994 1898 1098 1972 cibus
1125 1897 1171 1972 da

347 2035 536 2108 nunquam
560 2011 669 2083 etiam
694 2011 733 2080 in
755 1997 834 2106 ip‘so
861 2010 988 2083 morbo
1006 2009 1147 2084 dierum
1168 2039 1171 2082 3

347 2137 408 2198 tur
419 2155 430 2215 ;
458 2124 571 2221 fitque
588 2124 742 2220 gravior,
764 2124 826 2220 qui
843 2124 1023 2196 remissior
1043 2149 1121 2198 esse
1146 2148 1170 2198 o

350 2235 477 2333 Atque
510 2236 587 2333 ipse
621 2234 935 2331 quartusdecimus
965 2261 1030 2334 par
1060 2248 1126 2325 est,
1158 2237 1171 2310 i

351 2372 520 2448 magnam
544 2349 617 2421 vim
643 2348 782 2445 antiqui
804 2347 1022 2423 fatebantur.
1097 2351 1169 2438 Qui

350 2488 437 2538 vum
455 2461 561 2560 primi
577 2473 744 2534 naturam
762 2460 894 2535 habere
912 2464 1169 2538 contenderent

350 2573 532 2650 secundus
543 2574 765 2671 septenarius
779 2574 965 2671 inciperet,
974 2576 1041 2673 ipsi
1054 2578 1121 2651 sibi
1132 2601 1168 2652 re

348 2715 421 2764 non
440 2700 621 2774 octavum,
640 2711 759 2785 neque
778 2687 972 2773 decimum,
1001 2713 1120 2788 neque
1137 2689 1167 2762 dr

349 2803 445 2876 diem
474 2799 663 2886 sumenth,
696 2803 798 2898 quasi
827 2802 1090 2899 potentiorem:
1114 2802 1167 2901 plr

348 2916 510 2988 buebant
527 2938 635 2999 nono,
656 2927 693 2988 et
718 2915 923 2990 undecimo.
977 2916 1089 3003 Quod
1115 2943 1162 2991 cu

349 3028 425 3098 sine
456 3024 528 3097 ulla
557 3026 734 3122 probabili
764 3031 913 3115 ratione,
942 3031 986 3102 ab
1012 3030 1166 3105 undecin

348 3135 693 3224 tertiumdecimum,
726 3139 790 3211 sed
817 3140 863 3212 ad
890 3144 1166 3239 quartumdecin

188 3268 263 3315 ernis
282 3252 448 3329 Hir-bant
502 3248 551 3322 Et
566 3237 676 3323 etiam
694 3250 792 3349 apud
811 3252 1087 3352 Hippocratem,
1103 3260 1146 3346 ei,

187 3336 314 3398 porratica.

351 3388 431 3437 mus
448 3361 524 3437 dies
541 3360 755 3436 liberaturus
773 3365 828 3451 sit,
849 3381 1018 3463 quartum
1037 3396 1114 3444 esse
1130 3397 1165 3468 gr

351 3478 420 3564 Ita,
444 3476 508 3549 illo
531 3498 679 3573 quoque
703 3497 861 3563 auctore,
884 3481 921 3552 in
945 3482 1004 3555 die
1030 3486 1107 3581 pari
1128 3496 1165 3558 et

350 3593 423 3665 bris
441 3613 517 3664 esse
533 3599 664 3687 potest,
684 3603 721 3663 et
739 3604 838 3664 certa
862 3591 976 3667 futuri
1002 3609 1100 3670 nota.
1153 3637 1165 3669 a

350 3704 420 3777 alio
437 3703 519 3776 loco
545 3714 713 3798 quartum
733 3729 913 3802 quemque
939 3707 1046 3794 diem,
1073 3722 1113 3783 ut
1140 3711 1165 3782 ir

350 3815 635 3889 efficacissimum
653 3816 893 3913 apprehendit
904 3851 915 3910 3
944 3822 981 3893 id
998 3835 1063 3909 est,
1083 3848 1165 3920 quar

349 3951 462 4013 mum,
481 3925 729 4015 undecimum,
749 3933 1113 4026 quartumdecimum,
1133 3936 1165 4009 dt

350 4043 490 4115 timum.
543 4038 589 4111 In
619 4066 692 4137 quo
723 4059 760 4115 et
786 4044 831 4117 ab
861 4046 1005 4146 imparis
1030 4049 1076 4120 ad
1100 4075 1165 4147 par

351 4154 489 4239 transit,
516 4163 554 4225 et
575 4177 622 4227 ne
640 4153 710 4228 hoc
729 4156 875 4253 quidem
892 4163 1118 4258 propositum
1140 4189 1163 4236 c

352 4292 436 4344 cum
459 4291 482 4338 a
509 4267 662 4362 septimo
691 4265 749 4352 die
779 4270 1003 4361 undecimus
1030 4299 1104 4348 non
1135 4301 1165 4376 qr

351 4382 497 4480 quintus
515 4378 571 4451 sit.
626 4377 734 4453 Adeo
751 4397 910 4480 apparet,
938 4412 1156 4487 quacunque
