2858 5296
183 2425 298 2490 Spirensi

183 2496 315 2550 difficulta-

185 2575 230 2615 tes·

351 309 420 377 158
728 328 763 376 r.
775 325 895 399 ‘coum
914 325 1019 377 crasi

346 501 435 576 burn
452 513 490 575 et
506 503 673 601 spiritum
693 502 854 601 capiunt,
874 497 989 575 facilis
1004 497 1053 573 ad
1070 497 1197 572 bonan

345 637 430 687 uem
448 639 616 689 recursus
633 628 698 689 est
751 615 878 711 Atque
902 610 1084 687 interdum
1102 624 1195 684 natu

344 725 507 825 adjuvat,
524 729 554 801 si
571 753 619 802 ex
632 728 842 827 angustiore
855 723 943 801 wde
953 725 1083 801 vilium
1096 735 1196 800 naus

344 863 446 913 rem:
471 842 595 939 itaque
612 842 745 916 rubore
769 852 808 914 et
832 851 975 914 tumore
1000 839 1037 911 in
1067 860 1195 936 praeco

346 954 438 1028 seire
455 952 543 1028 licet
558 953 684 1030 fauces
702 952 856 1027 liberari.
909 950 1103 1050 Quidquid
1125 962 1195 1027 aut

345 1067 450 1153 varit,
468 1067 719 1166 incipiendum
737 1078 793 1140 est
809 1066 854 1139 ab
869 1063 1037 1151 humidis,
1057 1063 1194 1139 maxim

346 1177 464 1253 mulsa
496 1179 672 1255 decocta:
700 1178 833 1252 deinde
867 1177 1074 1251 assumendi
1103 1175 1194 1250 moll

345 1316 446 1366 acres
463 1293 536 1366 cibi
554 1307 651 1380 sunt,
682 1291 800 1365 donec
817 1290 943 1367 fauces
959 1289 1006 1364 ad
1023 1291 1193 1388 pristinus

345 1417 583 1480 revertantur.
636 1405 763 1503 Vulgo
779 1403 899 1491 audio,
932 1405 961 1476 si
978 1405 1059 1503 quis
1077 1401 1193 1501 pullus

345 1519 402 1590 nis
419 1517 545 1605 ederit,
565 1520 699 1614 angina
715 1532 793 1594 toto
810 1542 907 1591 anno
932 1541 1005 1590 non
1031 1515 1193 1614 periclito

345 1641 498 1729 tumque
513 1656 597 1706 eum
609 1656 657 1706 ex
671 1632 755 1718 sale,
774 1656 859 1704 cum
873 1632 903 1705 is
917 1630 1063 1704 morbus
1081 1641 1192 1728 urget

345 1744 616 1844 carbonemque
651 1745 728 1844 ejus
762 1745 960 1819 contritum
995 1743 1034 1815 in
1067 1764 1192 1840 aquam

345 1881 440 1954 quae
459 1859 563 1956 potui
580 1857 698 1944 datur,
718 1855 865 1944 infriari,
885 1854 1116 1955 etprodesse.
1153 1853 1192 1937 Id

345 1992 433 2043 neos
451 1982 618 2044 auctores
636 1995 682 2045 ex
700 1968 837 2068 populo
851 1968 993 2055 habeat,
1011 1990 1132 2066 neque
1145 1968 1191 2041 ha

345 2106 455 2180 quam
473 2082 625 2180 periculi
642 2083 767 2180 possit,
787 2082 952 2179 quamvis
968 2081 1004 2153 in
1024 2102 1191 2155 monumr

345 2218 471 2268 corum
490 2218 561 2268 non
581 2194 743 2295 legerim,
771 2206 893 2269 tamen
924 2195 1158 2268 inserendum
1185 2192 1191 2267 l

344 2331 428 2382 meo
445 2307 597 2381 credidi.

395 2431 431 2494 a.
452 2420 520 2495 Est
531 2422 640 2495 etiam
655 2421 752 2495 circa
762 2417 887 2493 fauces
898 2418 1044 2502 malum,
1058 2417 1191 2516 quoda

348 2559 410 2608 eos
427 2533 526 2609 aliud
543 2533 715 2632 aliudque
733 2557 867 2605 nomen
884 2532 1004 2619 habet,
1032 2542 1142 2629 prout
1167 2555 1191 2605 si

183 2666 324 2732 nyspnoea
349 2648 472 2723 Omne
502 2650 539 2722 in
570 2647 783 2721 difficultate
817 2645 975 2744 spirandi
1004 2645 1190 2719 consistit:

184 3001 303 3050 Asthma.

183 3243 276 3295 Ortho-

181 3327 268 3377 puooa.

349 2761 437 2835 dum
456 2761 599 2836 modica
616 2774 681 2848 est,
702 2785 821 2858 neque
839 2784 883 2832 ex
910 2770 988 2832 toto
1014 2757 1190 2856 strangula

345 2874 572 2972 appellatum
602 2900 687 2948 cum
705 2873 955 2947 veliementior
980 2882 1045 2958 est,
1074 2887 1115 2944 ut
1140 2872 1190 2969 spi

345 2989 421 3058 sine
439 3011 528 3060 sono
545 3000 583 3059 et
595 2987 827 3059 anhelatione
842 3010 915 3057 non
930 2986 1052 3082 possit,
1072 2981 1186 3081 ἆσθμα

345 3098 453 3172 cessit
469 3097 507 3170 id
524 3122 683 3195 quoque,
704 3123 751 3171 ne
769 3099 837 3168 nisi
863 3111 963 3171 recta
991 3099 1131 3171 cervice
1162 3122 1190 3195 sq

345 3208 462 3292 hatur,
478 3209 647 3306 ὀρθόπνοια.
701 3209 759 3280 Ex
786 3210 919 3305 quibus
945 3210 994 3295 id,
1026 3209 1124 3307 quod
1154 3235 1190 3308 pr

344 3333 463 3419 potest
492 3322 628 3395 diutius
656 3321 774 3394 trahi:
816 3320 891 3392 cluo
920 3324 1150 3421 insequentia
1179 3349 1190 3396 a

342 3446 575 3508 consuerunt
630 3432 700 3505 His
731 3435 940 3506 communia
969 3450 1077 3510 sunt:
1115 3460 1190 3534 quo

341 3548 536 3647 angustias,
555 3571 620 3646 per
638 3570 727 3643 quas
745 3548 890 3644 spiritus
909 3548 1042 3634 evadit,
1061 3548 1190 3622 sibilun

342 3659 396 3733 lor
412 3663 450 3734 in
467 3672 614 3757 pectore
632 3659 924 3757 praecordiisque
943 3674 1007 3747 est,
1026 3662 1190 3736 interduo

342 3772 509 3868 scapulis
536 3774 638 3870 isque
655 3770 766 3844 modo
785 3771 942 3861 decedit,
971 3774 1081 3847 modo
1101 3800 1190 3849 rever

343 3881 433 3956 haec
450 3883 624 3957 tussicula
641 3885 795 3958 accedit.
848 3884 1041 3960 Auxilium
1067 3901 1133 3974 est,
1163 3913 1187 3961 n

344 3995 522 4090 prohibet,
540 3997 577 4068 in
596 3999 780 4094 sanguinis
799 3996 1033 4074 detractione.
1086 4001 1190 4100 Nequ

343 4119 408 4192 est,
436 4107 501 4180 sed
531 4108 625 4182 lacte
654 4135 800 4207 quoque
830 4124 958 4187 venter
986 4112 1181 4187 solvendus

344 4221 489 4320 quanda
504 4221 619 4307 alvuS,
639 4224 823 4296 interdum
837 4226 945 4299 etiam
959 4226 1127 4301 ducenda
1142 4258 1153 4318 ;
1182 4254 1191 4300 r

342 4349 530 4408 tenuatum
562 4360 694 4432 corpus
725 4337 852 4433 incipit
883 4341 1046 4436 spiritum
1074 4340 1192 4413 tralrer

342 4447 434 4522 dius.
487 4448 608 4545 Caput
626 4463 746 4524 autern
762 4451 798 4523 iu
812 4449 908 4526 lecto
920 4451 1072 4528 sublime
1088 4452 1192 4530 haber
