2858 5296
449 746 836 809 nortmannus.
1098 734 1172 819 m

105 920 462 1047 imbuunt
489 924 911 1027 quaerentesque,
936 927 1064 1013 uitato
1088 928 1165 1021 nlo,

111 1034 469 1119 numne-m.
519 1034 595 1113 Sed
610 1038 881 1139 primum,noq
893 1036 1004 1144 liujus
1018 1043 1167 1121 visceris

118 1148 457 1231 uni-mum
481 1160 565 1227 est:
590 1172 677 1227 unm
705 1162 746 1227 et
767 1150 867 1227 liene
890 1150 1036 1241 mecm,
1056 1164 1105 1231 ‘et
1125 1157 1167 1233 in

124 1262 415 1367 totitem
437 1264 539 1339 melo
566 1260 696 1339 bnbitn
722 1263 776 1339 fit.
827 1263 989 1355 Deinde,
1016 1276 1059 1343 nt
1081 1266 1168 1352 inde
1332 1344 1335 1349 .

130 1376 429 1479 suffimen
442 1400 543 1479 qun
557 1377 629 1452 nisi
643 1378 835 1467 emittitur,
849 1402 946 1477 quse
961 1390 1093 1455 contre
1107 1403 1169 1455 ns·

75 1524 77 1533 ·
132 1490 296 1569 tundi
309 1490 489 1579 abstitit,
506 1501 547 1567 et
551 1488 722 1593 jocinori,
738 1504 777 1567 et
788 1492 920 1567 ceteris
935 1488 1170 1567 interioribus

134 1604 271 1711 μὴ
296 1622 425 1685 necet
476 1602 746 1705 Convenitque,
772 1629 907 1706 corpus
931 1604 1171 1683 nihilominus

134 1718 425 1799 mumdum.
474 1716 611 1819 Neque
626 1722 725 1795 enim
742 1718 1166 1816 sanatemissusbumor,

137 1830 182 1909 nl
192 1832 398 1911 mediu'n'se
411 1830 539 1907 locum
553 1831 654 1920 feeit,
672 1856 784 1933 quum
799 1833 898 1909 intus
912 1831 1078 1909 inclusus
1101 1834 1170 1917 irn-

140 1944 230 2045 μὴ
274 1946 340 2025 Ac
354 1970 408 2023 ne
421 1944 517 2021 illud
533 1944 682 2046 quidem
699 1946 738 2019 in
756 1947 1040 2023 controversiam
1052 1950 1167 2035 venit,

107 2058 439 2157 ¹p'unonorrsnes
462 2060 504 2135 in
527 2056 599 2135 boc
623 2058 755 2135 morbo
778 2060 832 2134 sic
855 2060 975 2137 curari
997 2060 1165 2160 posdnt5

144 2170 342 2273 odjum
357 2174 517 2263 rolrrmti,
535 2172 600 2273 qui
615 2171 676 2251 vel
692 2196 741 2247 ex
753 2183 834 2249 toto
842 2170 1096 2261 csreutlebre,
1107 2172 1168 2251 vel

147 2296 226 2363 terh
248 2286 332 2365 ἡ
353 2284 527 2365 libentes
557 2286 844 2363 intermissiones
870 2284 1018 2363 bsbent.
1068 2282 1168 2369 Nem

146 2418 272 2507 μυ
284 2400 497 2486 mrbus
512 2411 710 2500 corruptus
725 2409 793 2487 est,
809 2400 921 2501 quive
936 2422 985 2482 ex
1000 2410 1080 2475 utre
1095 2398 1169 2479 bile

142 2504 434 2605 hunduni,
452 2514 573 2616 quive
588 2510 726 2589 malum
748 2514 909 2613 corporis
924 2511 1090 2591 habitum
1107 2512 1170 2591 hu-

141 2620 213 2717 hl,
222 2628 346 2707 idonei
361 2626 454 2705 huic
469 2627 739 2703 curstiouinon
750 2640 847 2702 suut.
899 2625 1015 2703 Cibus
1029 2640 1168 2717 sutem,

142 2760 192 2839 quo
211 2740 269 2819 die
291 2742 457 2843 primum
481 2740 614 2815 humor
639 2742 789 2815 emissus
814 2750 881 2828 est,
918 2764 1170 2840 supervacuus

141 2862 187 2943 nl,
200 2857 305 2931 moisi
320 2857 422 2931 vires
434 2854 592 2931 desunt:
618 2854 896 2954 insequentibus
908 2853 1050 2940 diebus,
1069 2863 1109 2928 et
1123 2855 1167 2940 is,

141 2968 287 3046 trinum
302 2968 487 3045 meracius
503 2966 664 3069 quidem,
680 2967 745 3042 sed
758 2966 897 3041 nonita
913 2964 1073 3040 multum
1090 2963 1169 3045 dori

141 3074 234 3171 debet,
248 3081 504 3185 paulatimque
520 3080 733 3157 evocandus
750 3104 860 3176 aeger
876 3091 932 3153 est
956 3076 1005 3151 ad
1031 3077 1169 3161 exerci-

143 3192 282 3283 lstiones,
296 3194 500 3282 frictiones,
520 3193 645 3281 solem,
673 3192 894 3275 sudationes,
922 3187 1166 3295 fatigationes,

143 3304 314 3385 stilum
327 3308 448 3395 cibos,
462 3306 582 3384 donec
593 3333 641 3384 ex
654 3318 735 3382 toto
744 3302 986 3380 convalescat.
1037 3302 1169 3380 Balne-

142 3436 190 3491 lfl
201 3442 314 3499 mm
325 3446 391 3497 res
407 3431 531 3514 emut3
557 3419 843 3521 frequentiorem
859 3417 898 3492 in
907 3414 1039 3519 jejuno
1055 3419 1169 3495 vomi·

139 3536 209 3611 litu.
254 3532 295 3611 si
307 3546 431 3611 nestas
447 3545 513 3622 est,
532 3534 569 3608 in
586 3534 677 3608 mari
700 3542 825 3605 natare
841 3529 1078 3606 commodum
1097 3544 1166 3609 est.

139 3636 195 3719 Ubi
206 3644 398 3723 onnmluit
414 3645 556 3747 aliquis,
581 3645 647 3721 diu
671 3656 793 3720 umen
819 3641 959 3720 alienus
975 3645 1010 3720 ei
1026 3647 1170 3721 veumis

137 3772 284 3837 Hal.

170 3868 295 3951 ΠΗ.
331 3872 489 3949 Diutius
513 3895 621 3971 saepe
647 3883 686 3949 et
709 3867 949 3970 periculosius
974 3868 1078 3945 tabes
1106 3893 1305 3973 eoseum..

135 3980 349 4073 &lubet
365 3985 615 4085 quosiuvasit.
669 3972 797 4085 Atque
812 3981 921 4088 hujus
932 4006 1081 4081 quoque
1092 3980 1248 4081 plu-¹¹⁸²*
1277 3975 1280 3980 ’

136 4098 332 4199 mtpecies
353 4109 451 4174 sunt.
503 4096 589 4175 Una
613 4108 679 4182 est,
708 4120 782 4197 qus
805 4119 940 4194 corpus
957 4117 1033 4169 non
1049 4094 1170 4185 ulitur,

129 4210 382 4289 ttmtnrsliter
397 4235 541 4310 semper
556 4209 738 4310 aliquibus
761 4207 1037 4297 decedentibus,
1065 4206 1174 4283 nullis

126 4326 258 4401 veroin
283 4348 414 4401 eorum
439 4324 563 4400 locum
590 4321 843 4408 subeuntibus,
867 4346 1010 4397 sumtus
1039 4322 1174 4397 macies

122 4437 257 4532 enirm
293 4451 344 4527 et,
378 4439 451 4513 nisi
475 4440 692 4525 occurritur,
717 4434 823 4511 tollit
875 4433 1054 4534 ’Argopr‘ou
1078 4434 1175 4509 hanc

120 4546 251 4629 Graeci
268 4564 416 4628 voosnt.
469 4550 526 4626 Es
543 4551 694 4626 duabus
711 4548 788 4625 fere
805 4547 853 4621 de
871 4550 987 4623 causis
1011 4547 1175 4622 incidere

117 4668 321 4743 consuevit.
374 4664 457 4741 Aut
482 4666 580 4741 enim
607 4666 722 4740 nimio
747 4663 878 4738 timore
896 4661 1027 4761 aliquis
1042 4662 1175 4744 minus,

114 4793 179 4859 sut
197 4780 373 4857 aviditate
390 4780 505 4857 nimia
523 4778 619 4881 plus,
646 4802 757 4879 quarn
781 4774 902 4861 debet,
926 4773 1101 4870 assumit3
1127 4771 1179 4867 its
