2858 5296
351 297 400 368 xii
599 317 844 367 nrssnnrsrro
864 318 913 366 nn
933 318 1038 367 censi
1060 317 1164 366 vrrs.

349 518 397 567 na
414 493 515 591 quasi
535 490 866 590 Encyclopaediam
881 493 1114 590 composuit3
1142 489 1174 565 dt

349 618 448 693 solis·
463 619 540 716 ipse
557 616 630 691 fert
647 618 909 692 testimonium.

400 744 528 819 Mores
545 743 624 844 ejus
641 768 841 842 generosos
858 743 968 818 fuisse
987 743 1097 819 docet
1113 745 1174 844 ing

350 872 553 948 voluntaria
570 870 736 945 candoris
752 870 1008 969 Hippocratici
1023 870 1174 947 admirat

349 1025 430 1075 rum
442 998 665 1086 vindicatio,c
685 997 927 1083 histrionum,d
946 996 1174 1072 circumferar

349 1139 593 1224 contemptus,
617 1123 710 1198 lucri
729 1122 931 1223 neglectus,
959 1126 1144 1223 ingenuae
1169 1151 1174 1226 ]

347 1252 511 1328 laudatio
529 1264 718 1350 perpetua.

399 1377 625 1452 Medicinam
656 1375 784 1450 fecisse
810 1375 1009 1452 ostendunt
1035 1376 1173 1476 diligen

348 1506 510 1603 cognitio
527 1515 626 1577 certa
643 1515 681 1577 et
704 1502 857 1576 minuta⁸
882 1502 1000 1601 qualis
1025 1528 1134 1601 aegre
1160 1503 1175 1576 l

347 1634 446 1734 apud
460 1632 609 1707 clinicos
628 1630 752 1704 videre
771 1642 851 1703 est:
879 1629 1089 1730 praeceptah
1107 1655 1175 1729 qua

350 1762 422 1835 tica
440 1772 477 1834 et
502 1757 771 1832 accuratissima
794 1770 859 1829 aut
885 1756 995 1831 tradit
1020 1771 1062 1831 ut
1088 1782 1175 1831 nova

348 1885 435 1960 alias
453 1886 641 1984 opiniones
666 1881 765 1956 haud
791 1896 1008 1958 cunctanter
1033 1886 1175 1979 interpo

380 2126 493 2181 *Praei
505 2125 549 2179 lib.
562 2125 580 2178 i.
598 2143 623 2198 p.
642 2130 664 2178 1.
704 2126 757 2179 Sed
776 2125 982 2194 Quinetilianus‚
1001 2125 1066 2179 Inrt
1080 2126 1155 2180 Oret
1168 2143 1176 2180 1

345 2211 463 2268 tissimus
486 2217 581 2265 auctor
599 2216 648 2274 est,
666 2210 775 2265 Celsum
794 2211 947 2274 Orationes,
966 2209 1108 2276 Historias,
1130 2210 1176 2265 Jru

346 2296 519 2352 Rhetorieam
533 2294 602 2367 (viii.
614 2301 639 2349 3.
653 2312 679 2366 p.
695 2294 784 2370 107.);
803 2295 922 2368 quinimo
941 2295 975 2349 de
992 2313 1022 2349 re
1039 2295 1176 2362 militarit

344 2381 469 2435 omnibus
484 2379 585 2434 artibus
602 2377 699 2450 quibus
717 2380 755 2433 Μ.
768 2379 798 2432 Τ.
813 2379 909 2444 Varro,
931 2379 965 2432 D.
977 2379 1144 2435 voluminum
1161 2397 1176 2434 a

344 2482 440 2519 uarum
459 2463 672 2528 multiformium,
690 2462 876 2534 variammque
897 2463 997 2516 artium
1014 2462 1109 2536 quibus
1127 2464 1177 2517 bur

345 2557 387 2603 est
398 2548 539 2604 columen”
559 2545 645 2616 (Gell.
658 2545 716 2599 xix.
731 2546 802 2618 14.):
821 2545 865 2600 vel
877 2546 909 2600 de
928 2546 1024 2618 quibus
1041 2547 1098 2619 ipse
1117 2547 1177 2603 Cice

344 2634 457 2706 parens”
470 2632 581 2686 mirifice
595 2630 692 2696 verius,
704 2630 900 2702 conscripsisse.
938 2631 1158 2687 Mulomedicina

345 2724 439 2781 moret,
450 2734 476 2770 r·
489 2721 523 2770 28
536 2734 562 2788 p.
572 2718 632 2781 274,
644 2715 756 2769 fortasse
770 2714 958 2782 Agriculturae
970 2716 1053 2771 sectio
1065 2717 1160 2770 fueret

379 2800 460 2853 bviii.
473 2803 498 2853 4
511 2818 537 2871 p.
550 2803 602 2853 413
609 2819 617 2864 ;
636 2799 692 2853 viii.
704 2803 729 2852 8.
741 2802 802 2853 422.
1052 2799 1102 2865 ‘ii
1118 2805 1178 2874 14.1

380 2881 433 2936 dv.
447 2888 490 2935 26.
502 2900 528 2955 p.
544 2888 603 2936 230.
760 2893 808 2937 ev.
821 2888 863 2937 27.
878 2890 938 2938 251.
1053 2882 1100 2937 rii.
1117 2891 1141 2939 6.
1156 2903 1178 2958 p.

379 2963 443 3017 eiii.
459 2968 498 3028 19,
510 2982 535 3017 v.
548 2969 591 3028 27,
603 2964 637 3017 vi
651 2969 676 3028 7,
689 2965 736 3020 rii.
750 2970 792 3029 16,
802 2966 849 3020 vii.
863 2973 905 3022 26.
942 2966 1034 3020 Etiam
1047 2967 1140 3023 Meno.
1154 2985 1178 3041 ep

379 3048 423 3086 Μ
432 3045 632 3119 Experimentis
644 3047 732 3111 credo,
749 3065 811 3102 oum
823 3067 855 3103 eo
868 3057 958 3104 temen
970 3068 1004 3104 ne
1017 3051 1076 3122 quis
1088 3051 1140 3107 hoc
1154 3070 1178 3126 qt

346 3129 433 3186 beet.”
453 3131 471 3184 i.
483 3136 509 3184 3·
523 3149 549 3202 p.
562 3133 605 3184 24.

382 3216 520 3288 ¹“Neque
532 3214 626 3287 ignoro
638 3213 765 3285 quosdam
782 3214 878 3280 dicere,
897 3234 976 3272 omne
996 3218 1128 3272 auxilium
1147 3236 1179 3275 ne

344 3299 553 3357 increscentibus
566 3298 672 3363 morbis,
690 3316 745 3352 uon
758 3317 819 3352 cum
835 3300 894 3368 jam
911 3318 959 3373 per
971 3320 999 3356 se
1017 3303 1155 3359 finiuntur.

345 3404 374 3440 se
386 3383 491 3439 habet.”
511 3382 538 3435 ii·
555 3386 593 3436 14.
606 3400 631 3455 p.
653 3387 695 3435 70.
731 3389 747 3413 “
755 3383 815 3455 Ego
837 3392 896 3437 tum
908 3384 960 3440 hoc
971 3395 1037 3457 puto
1047 3387 1179 3441 tentandis

345 3470 429 3533 cibus,
441 3466 523 3522 semel
543 3473 571 3520 et
591 3472 651 3538 post
668 3466 771 3519 febrem
788 3467 873 3532 datus,
885 3468 1020 3541 prodest.”
1058 3469 1096 3522 iii.
1114 3475 1180 3544 ll.p

345 3553 430 3626 igitur
440 3552 519 3606 est?”
538 3558 590 3604 eto.
611 3549 648 3603 iit
675 3555 714 3603 18.
732 3568 757 3622 p.
778 3556 835 3605 120.
871 3554 952 3606 “Sed
970 3553 999 3607 id
1014 3555 1152 3609 commode
1169 3573 1180 3608 r

346 3635 494 3710 periments
505 3633 661 3688 testantur.'’
698 3632 733 3686 iv.
752 3651 776 3706 p.
792 3638 847 3688 164.
883 3642 899 3667 “
913 3637 989 3703 Quae
1009 3655 1026 3691 a
1044 3637 1155 3692 medicis
1174 3655 1180 3710 1

347 3720 383 3774 iv.
404 3727 427 3774 6.
451 3738 477 3791 p.
501 3724 556 3772 168.
605 3717 736 3771 Enemata
760 3718 907 3773 nutrientia
932 3719 973 3773 bis
997 3719 1086 3774 verbis
1110 3720 1181 3775 laude

346 3803 476 3858 auxilium
494 3811 542 3863 est,
560 3801 589 3854 in
601 3801 691 3855 alvum
703 3802 822 3873 ptisanae
834 3821 980 3857 cremorem
992 3803 1110 3858 indere.'’
1123 3805 1169 3860 lib.

346 3896 362 3919 ‘⁴
377 3889 435 3958 Ego
448 3888 609 3948 Στωτᾶματιι
621 3902 726 3956 quoque
735 3885 883 3955 willelm„
898 3886 943 3940 Vll·
957 3894 982 3941 6.
995 3905 1022 3959 p·
1032 3892 1094 3942 337.
1131 3895 1148 3920 “
1161 3889 1182 3958 Q

346 3973 396 4025 bus
408 3968 538 4042 praecepi,
550 3967 641 4020 eadem
654 3969 784 4022 servanda
795 3971 883 4024 sunt.’'
897 3970 952 4024 viii
961 3973 986 4023 4.
999 3989 1024 4042 p.
1036 3974 1097 4025 418.
1134 3978 1150 4004 “
1165 3972 1182 4027 l«

346 4062 469 4110 auctores
490 4069 525 4105 ex
546 4051 645 4123 populo
671 4052 774 4118 babeat,
793 4072 880 4125 neque
898 4054 995 4108 habere
1012 4054 1183 4130 quidquamp

348 4137 469 4211 quamvis
481 4135 510 4188 iu
523 4135 701 4190 monumentis
723 4136 887 4191 medicorum
910 4155 965 4192 non
985 4138 1105 4210 legerim,
1123 4145 1183 4193 tm

348 4221 411 4274 huic
420 4219 493 4292 operi
506 4235 566 4272 meo
577 4217 704 4271 eredidi”
723 4218 759 4274 iv.
769 4225 795 4273 4.
807 4238 833 4291 p.
850 4225 908 4275 158.
942 4227 958 4253 “
968 4220 1158 4296 (Lumbrlocs)
1175 4222 1183 4277 l

347 4303 481 4359 interdum
494 4310 593 4357 teretes
605 4300 751 4358 ridemus?
763 4302 801 4358 iv.
816 4308 857 4361 17.
867 4322 896 4378 p.
907 4309 966 4361 181.
