2858 5296
371 440 619 491 nrssnnrsrro
636 442 689 493 ne
709 440 814 492 cnnsr
833 443 935 494 vrrs.
1117 428 1181 499 xxi

107 638 224 689 sanus
239 614 507 715 lexicographis
524 615 736 712 criticisque
753 615 945 705 concedet,
976 621 1014 693 in
1033 619 1170 699 ultimis

106 740 281 841 Augusti
288 743 414 819 diebus
423 752 588 843 quatuor
599 766 674 817 una
684 742 865 834 extitisse3
880 742 997 819 ethos
1010 759 1168 844 quatuor

107 892 246 943 omnes
256 867 350 943 hand
367 870 492 943 minus
508 869 578 943 sibi
604 869 764 943 inlicem
780 866 927 955 similes,
945 895 1054 968 quam
1071 873 1164 950 duos

109 994 231 1069 Sos'ns
251 997 291 1069 in
316 994 468 1071 fabula:
496 994 628 1082 studia,
658 994 755 1068 vitae
781 1018 911 1092 genus,
941 993 1055 1084 locus,
1083 1001 1162 1072 uni·

110 1120 216 1193 vernis
231 1119 376 1196 eadem.
428 1118 590 1195 Tantam
615 1117 786 1218 equidem
812 1144 934 1193 rerum
953 1122 1164 1198 varietatem

108 1260 227 1321 noster
241 1248 376 1346 utique
400 1245 530 1321 Celsus
553 1246 697 1345 scriptis
722 1247 796 1319 suis
813 1246 1101 1345 comprehendit,
1121 1262 1164 1323 ut

107 1374 162 1451 alii
183 1377 307 1475 quivis
335 1374 438 1453 Celsi
465 1373 611 1451 easdem
637 1374 774 1474 aliquas
799 1376 1031 1474 attingentes
1051 1403 1074 1453 a
1092 1377 1162 1451 Pli-

106 1503 175 1589 nio,
195 1500 465 1589 Quinctiliano,
492 1502 552 1575 vel
578 1498 794 1588 Columella,
812 1503 1091 1576 accuratissimis
1109 1505 1161 1578 ci-

107 1626 293 1715 uteribus,
320 1627 370 1701 de
395 1626 507 1702 Celso
531 1639 656 1701 nostro
672 1651 783 1726 quem
799 1640 978 1726 perpetuo
994 1626 1157 1718 laudant,

107 1752 266 1830 distincti
281 1752 451 1828 fuissent.
504 1752 646 1826 Plinius
671 1756 779 1841 enirn,
799 1768 842 1827 ut
859 1752 999 1842 Celsus,
1019 1754 1065 1829 de
1085 1782 1162 1830 om-

107 1880 212 1954 nibus
238 1880 362 1965 rebus,
385 1876 655 1965 Quinctilianus
682 1877 728 1952 de
754 1880 923 1953 omnibus
948 1881 1160 1956 auctoribus

107 2018 311 2081 memoratu
328 2004 459 2104 dignis,
477 2004 712 2103 satagebant3
735 2029 805 2079 nec
822 2017 901 2079 erat
917 2029 985 2079 cur
1001 2008 1157 2082 amicum

111 2130 256 2208 Horatii
281 2143 322 2206 et
338 2130 476 2220 Ovidii,
505 2132 659 2205 scribam
679 2130 840 2229 Augusti
866 2132 1035 2221 Neronis,
1054 2133 1161 2209 silen-

112 2260 398 2361 tiopremerent.

150 2384 265 2461 VIII.
295 2382 373 2457 His
388 2384 587 2483 perpensis,
609 2381 756 2458 Celsum
774 2381 821 2457 ad
836 2388 886 2458 53
905 2383 1079 2484 Augusti,
1100 2389 1158 2464 vel

110 2512 208 2589 ΛΠ.
219 2510 316 2601 760,
335 2508 386 2583 ad
403 2532 539 2583 annum
556 2533 644 2583 vero
660 2508 784 2583 salutis
796 2522 939 2587 nostrae
956 2520 993 2599 7,
1013 2512 1160 2590 durasse

108 2640 248 2738 patebit.
303 2636 366 2710 Eo
392 2637 489 2708 enim
515 2659 612 2709 anno
636 2633 793 2710 Ovidius
811 2634 950 2710 Tomos
967 2636 1078 2712 exilio
1097 2665 1159 2714 ex·

110 2780 201 2840 actus
224 2777 296 2839 est.
352 2760 428 2835 Sed
457 2760 585 2835 Celsus
613 2786 657 2835 eo
683 2775 859 2859 tempore,
890 2761 1056 2833 nondum
1084 2763 1161 2836 Au-

111 2905 229 2987 gustus
245 2902 420 2963 mortuus
446 2899 523 2979 est3
552 2911 619 2961 nec
644 2886 705 2959 ille
732 2887 836 2958 annis
860 2884 1006 2983 fractus,
1039 2892 1161 2989 utqui

113 3015 154 3090 de
171 3015 308 3091 Ovidio
325 3013 427 3114 apud
445 3013 603 3087 Pontum
627 3012 819 3087 invisendo
835 3010 945 3110 paulo
962 3026 1046 3088 ante
1059 3014 1158 3091 locu-

115 3158 168 3216 tus
186 3157 292 3216 esset
342 3143 526 3240 Sequitur,
557 3139 705 3215 Celsum
733 3138 809 3214 fato
829 3142 1047 3216 concessisse
1065 3144 1160 3219 inter

115 3278 134 3355 7
150 3283 189 3344 et
208 3278 256 3344 10
272 3283 417 3344 nostrae
435 3293 539 3342 aerae
550 3267 685 3342 nedum
699 3292 845 3355 senem;
864 3267 903 3339 id
921 3268 1020 3366 quod
1037 3271 1161 3345 icones

117 3397 185 3496 ejus
200 3399 360 3494 gemmis
377 3397 641 3494 circumgestae
658 3394 822 3468 nonnihil
840 3395 1087 3471 corroborant.

160 3524 290 3611 Qualis
308 3522 407 3598 Celsi
424 3522 536 3596 fuerit
552 3522 771 3596 existimatio
789 3520 887 3619 apud
904 3533 1071 3595 auctores
1089 3547 1163 3597 om-

119 3650 209 3724 nium
241 3649 463 3736 seculorum,
496 3647 616 3746 qualia
644 3672 754 3746 opera
779 3646 934 3720 ediderit
959 3671 1058 3720 nune
1085 3672 1164 3745 per·

118 3775 194 3865 dita,
223 3778 426 3853 ostendent
454 3801 548 3875 quae
578 3786 780 3873 sequuntur
806 3776 989 3847 variorum
1016 3776 1167 3873 scripto·
1239 3841 1254 3850 .

117 3929 189 3979 mm
217 3906 450 3981 testimonia:
482 3926 637 4001 quorum
667 3902 789 3975 omnia
818 3900 1008 3999 collegisse
1038 3900 1167 3975 inutile

118 4033 240 4108 visum.
294 4032 486 4108 Sufficiant
511 4054 603 4128 quae
630 4042 693 4103 aut
718 4030 841 4117 vitam,
861 4040 925 4103 aut
941 4026 1086 4116 famam,
1106 4038 1170 4101 aut

118 4163 245 4261 scripta
262 4160 344 4263 ejus
360 4158 486 4258 aliquo
499 4156 610 4231 modo
626 4155 817 4232 illustrent.
