<?xml version="1.0" encoding="UTF-8"?>
<!DOCTYPE html PUBLIC "-//W3C//DTD XHTML 1.0 Transitional//EN"
    "http://www.w3.org/TR/xhtml1/DTD/xhtml1-transitional.dtd">
<html xmlns="http://www.w3.org/1999/xhtml" xml:lang="en" lang="en">
 <head>
  <title>
</title>
<meta http-equiv="Content-Type" content="text/html;charset=utf-8" />
  <meta name='ocr-system' content='tesseract 3.04.00' />
  <meta name='ocr-capabilities' content='ocr_page ocr_carea ocr_par ocr_line ocrx_word'/>
</head>
<body>
  <div class='ocr_page' id='page_1' title='image "acorncelsimedic00targgoog_0033.png"; bbox 0 0 2858 5296; ppageno 0'>
   <div class='ocr_carea' id='block_1_1' title="bbox 337 305 1113 360">
    <p class='ocr_par' dir='ltr' id='par_1_1' title="bbox 337 305 1113 360">
     <span class='ocr_line' id='line_1_1' title="bbox 337 305 1113 360; baseline -0.001 -4"><span class='ocrx_word' id='word_1_1' title='bbox 337 306 415 358; x_wconf 77' lang='lat' dir='ltr'><strong>XXX</strong></span> <span class='ocrx_word' id='word_1_2' title='bbox 607 308 804 360; x_wconf 68' lang='lat' dir='ltr'><strong>:manus</strong></span> <span class='ocrx_word' id='word_1_3' title='bbox 823 307 875 357; x_wconf 81' lang='lat' dir='ltr'><strong>Al)</strong></span> <span class='ocrx_word' id='word_1_4' title='bbox 894 305 1113 360; x_wconf 76' lang='lat' dir='ltr'><strong>LECTOREM.</strong></span> 
     </span>
    </p>
   </div>
   <div class='ocr_carea' id='block_1_2' title="bbox 302 481 1191 3349">
    <p class='ocr_par' dir='ltr' id='par_1_2' title="bbox 314 481 1184 707">
     <span class='ocr_line' id='line_1_2' title="bbox 314 481 1181 589; baseline -0.002 -31"><span class='ocrx_word' id='word_1_5' title='bbox 314 520 320 535; x_wconf 91' lang='lat'><strong>·</strong></span> <span class='ocrx_word' id='word_1_6' title='bbox 335 481 459 582; x_wconf 84' lang='lat' dir='ltr'><strong>colligi</strong></span> <span class='ocrx_word' id='word_1_7' title='bbox 492 506 596 581; x_wconf 89' lang='lat' dir='ltr'><strong>posse</strong></span> <span class='ocrx_word' id='word_1_8' title='bbox 614 482 786 569; x_wconf 71' lang='lat' dir='ltr'><strong>uidetur,</strong></span> <span class='ocrx_word' id='word_1_9' title='bbox 813 481 1026 557; x_wconf 88' lang='lat' dir='ltr'><strong>divisionem</strong></span> <span class='ocrx_word' id='word_1_10' title='bbox 1042 530 1046 537; x_wconf 89' lang='lat'><em>-</em></span> <span class='ocrx_word' id='word_1_11' title='bbox 1060 481 1181 589; x_wconf 40' lang='lat' dir='ltr'><strong>illamn.</strong></span> 
     </span>
     <span class='ocr_line' id='line_1_3' title="bbox 333 607 1184 707; baseline -0.001 -24"><span class='ocrx_word' id='word_1_12' title='bbox 333 630 409 683; x_wconf 90' lang='lat' dir='ltr'><strong>non</strong></span> <span class='ocrx_word' id='word_1_13' title='bbox 426 632 513 683; x_wconf 86' lang='lat' dir='ltr'><strong>esse.</strong></span> <span class='ocrx_word' id='word_1_14' title='bbox 566 608 622 682; x_wconf 85' lang='lat' dir='ltr'><strong>Ea</strong></span> <span class='ocrx_word' id='word_1_15' title='bbox 639 619 749 695; x_wconf 86' lang='lat' dir='ltr'><strong>certe,</strong></span> <span class='ocrx_word' id='word_1_16' title='bbox 778 607 1052 707; x_wconf 83' lang='lat' dir='ltr'><strong>utplerumque</strong></span> <span class='ocrx_word' id='word_1_17' title='bbox 1075 632 1152 682; x_wconf 91' lang='lat' dir='ltr'><strong>non</strong></span> <span class='ocrx_word' id='word_1_18' title='bbox 1179 633 1184 682; x_wconf 78' lang='lat' dir='ltr'><strong>r</strong></span> 
     </span>
    </p>

    <p class='ocr_par' dir='ltr' id='par_1_3' title="bbox 302 733 1186 1966">
     <span class='ocr_line' id='line_1_4' title="bbox 302 733 1184 833; baseline -0.001 -25"><span class='ocrx_word' id='word_1_19' title='bbox 302 794 305 800; x_wconf 93' lang='lat'><em>.</em></span> <span class='ocrx_word' id='word_1_20' title='bbox 332 747 537 809; x_wconf 57' lang='lat' dir='ltr'><strong>a‘veterum</strong></span> <span class='ocrx_word' id='word_1_21' title='bbox 554 736 772 832; x_wconf 87' lang='lat' dir='ltr'><strong>scriptorum</strong></span> <span class='ocrx_word' id='word_1_22' title='bbox 789 735 938 833; x_wconf 88' lang='lat' dir='ltr'><strong>iugenio</strong></span> <span class='ocrx_word' id='word_1_23' title='bbox 955 735 1113 808; x_wconf 85' lang='lat' dir='ltr'><strong>maxime</strong></span> <span class='ocrx_word' id='word_1_24' title='bbox 1130 733 1184 809; x_wconf 85' lang='lat' dir='ltr'><strong>abl</strong></span> 
     </span>
     <span class='ocr_line' id='line_1_5' title="bbox 332 859 1184 959; baseline -0.001 -26"><span class='ocrx_word' id='word_1_25' title='bbox 332 882 405 958; x_wconf 90' lang='lat' dir='ltr'><strong>que</strong></span> <span class='ocrx_word' id='word_1_26' title='bbox 422 859 515 935; x_wconf 87' lang='lat' dir='ltr'><strong>adeo</strong></span> <span class='ocrx_word' id='word_1_27' title='bbox 539 862 652 959; x_wconf 85' lang='lat' dir='ltr'><strong>ipsius</strong></span> <span class='ocrx_word' id='word_1_28' title='bbox 677 859 787 947; x_wconf 86' lang='lat' dir='ltr'><strong>Celsi,</strong></span> <span class='ocrx_word' id='word_1_29' title='bbox 819 859 923 958; x_wconf 88' lang='lat' dir='ltr'><strong>cujus</strong></span> <span class='ocrx_word' id='word_1_30' title='bbox 949 884 993 934; x_wconf 90' lang='lat' dir='ltr'><strong>ea</strong></span> <span class='ocrx_word' id='word_1_31' title='bbox 1017 884 1092 934; x_wconf 88' lang='lat' dir='ltr'><strong>non</strong></span> <span class='ocrx_word' id='word_1_32' title='bbox 1119 861 1184 932; x_wconf 88' lang='lat' dir='ltr'><strong>mir</strong></span> 
     </span>
     <span class='ocr_line' id='line_1_6' title="bbox 331 985 1184 1086; baseline 0.001 -28"><span class='ocrx_word' id='word_1_33' title='bbox 331 985 431 1083; x_wconf 90' lang='lat' dir='ltr'><strong>quod</strong></span> <span class='ocrx_word' id='word_1_34' title='bbox 448 1011 505 1060; x_wconf 91' lang='lat' dir='ltr'><strong>res</strong></span> <span class='ocrx_word' id='word_1_35' title='bbox 522 986 680 1062; x_wconf 86' lang='lat' dir='ltr'><strong>diversas</strong></span> <span class='ocrx_word' id='word_1_36' title='bbox 697 1011 740 1060; x_wconf 88' lang='lat' dir='ltr'><strong>ac</strong></span> <span class='ocrx_word' id='word_1_37' title='bbox 758 998 886 1086; x_wconf 90' lang='lat' dir='ltr'><strong>suapte</strong></span> <span class='ocrx_word' id='word_1_38' title='bbox 904 997 1034 1061; x_wconf 84' lang='lat' dir='ltr'><strong>natura</strong></span> <span class='ocrx_word' id='word_1_39' title='bbox 1057 1011 1184 1084; x_wconf 86' lang='lat' dir='ltr'><strong>separa</strong></span> 
     </span>
     <span class='ocr_line' id='line_1_7' title="bbox 328 1111 1184 1211; baseline 0 -25"><span class='ocrx_word' id='word_1_40' title='bbox 328 1112 394 1186; x_wconf 86' lang='lat' dir='ltr'><strong>lari</strong></span> <span class='ocrx_word' id='word_1_41' title='bbox 411 1112 563 1187; x_wconf 85' lang='lat' dir='ltr'><strong>artificio</strong></span> <span class='ocrx_word' id='word_1_42' title='bbox 581 1112 823 1211; x_wconf 86' lang='lat' dir='ltr'><strong>conjunxerit.</strong></span> <span class='ocrx_word' id='word_1_43' title='bbox 875 1112 1006 1210; x_wconf 87' lang='lat' dir='ltr'><strong>Itaque</strong></span> <span class='ocrx_word' id='word_1_44' title='bbox 1024 1115 1053 1186; x_wconf 89' lang='lat' dir='ltr'><strong>si</strong></span> <span class='ocrx_word' id='word_1_45' title='bbox 1070 1111 1184 1210; x_wconf 74' lang='lat' dir='ltr'><strong>quanr‘</strong></span> 
     </span>
     <span class='ocr_line' id='line_1_8' title="bbox 327 1237 1184 1338; baseline -0.001 -25"><span class='ocrx_word' id='word_1_46' title='bbox 327 1251 397 1338; x_wconf 88' lang='lat' dir='ltr'><strong>put</strong></span> <span class='ocrx_word' id='word_1_47' title='bbox 414 1240 588 1324; x_wconf 88' lang='lat' dir='ltr'><strong>nominat,</strong></span> <span class='ocrx_word' id='word_1_48' title='bbox 616 1263 688 1311; x_wconf 88' lang='lat' dir='ltr'><strong>vox</strong></span> <span class='ocrx_word' id='word_1_49' title='bbox 706 1237 795 1312; x_wconf 89' lang='lat' dir='ltr'><strong>haec</strong></span> <span class='ocrx_word' id='word_1_50' title='bbox 813 1263 857 1312; x_wconf 89' lang='lat' dir='ltr'><strong>eo</strong></span> <span class='ocrx_word' id='word_1_51' title='bbox 875 1263 982 1312; x_wconf 89' lang='lat' dir='ltr'><strong>sensu</strong></span> <span class='ocrx_word' id='word_1_52' title='bbox 999 1238 1151 1312; x_wconf 88' lang='lat' dir='ltr'><strong>fortasse</strong></span> <span class='ocrx_word' id='word_1_53' title='bbox 1168 1263 1184 1312; x_wconf 89' lang='lat' dir='ltr'><strong>a</strong></span> 
     </span>
     <span class='ocr_line' id='line_1_9' title="bbox 326 1363 1184 1463; baseline -0.003 -23"><span class='ocrx_word' id='word_1_54' title='bbox 326 1377 394 1452; x_wconf 88' lang='lat' dir='ltr'><strong>est,</strong></span> <span class='ocrx_word' id='word_1_55' title='bbox 424 1389 497 1462; x_wconf 94' lang='lat' dir='ltr'><strong>quo</strong></span> <span class='ocrx_word' id='word_1_56' title='bbox 523 1363 620 1437; x_wconf 91' lang='lat' dir='ltr'><strong>illam</strong></span> <span class='ocrx_word' id='word_1_57' title='bbox 652 1363 775 1440; x_wconf 89' lang='lat' dir='ltr'><strong>Latini</strong></span> <span class='ocrx_word' id='word_1_58' title='bbox 803 1367 996 1463; x_wconf 86' lang='lat' dir='ltr'>scriptores</span> <span class='ocrx_word' id='word_1_59' title='bbox 1025 1389 1184 1463; x_wconf 86' lang='lat' dir='ltr'><strong>usurpan</strong></span> 
     </span>
     <span class='ocr_line' id='line_1_10' title="bbox 326 1489 1185 1591; baseline -0.003 -25"><span class='ocrx_word' id='word_1_60' title='bbox 326 1491 500 1591; x_wconf 89' lang='lat' dir='ltr'><strong>quasdam</strong></span> <span class='ocrx_word' id='word_1_61' title='bbox 517 1489 721 1587; x_wconf 81' lang='lat' dir='ltr'><strong>significent</strong></span> <span class='ocrx_word' id='word_1_62' title='bbox 737 1491 782 1564; x_wconf 89' lang='lat' dir='ltr'><strong>ab</strong></span> <span class='ocrx_word' id='word_1_63' title='bbox 800 1491 877 1564; x_wconf 88' lang='lat' dir='ltr'><strong>aliis</strong></span> <span class='ocrx_word' id='word_1_64' title='bbox 904 1490 1102 1577; x_wconf 88' lang='lat' dir='ltr'><strong>distinctas,</strong></span> <span class='ocrx_word' id='word_1_65' title='bbox 1131 1490 1185 1564; x_wconf 80' lang='lat' dir='ltr'><strong>har</strong></span> 
     </span>
     <span class='ocr_line' id='line_1_11' title="bbox 325 1615 1185 1715; baseline -0.005 -22"><span class='ocrx_word' id='word_1_66' title='bbox 325 1619 371 1693; x_wconf 87' lang='lat' dir='ltr'><strong>ab</strong></span> <span class='ocrx_word' id='word_1_67' title='bbox 389 1616 516 1691; x_wconf 88' lang='lat' dir='ltr'><strong>iisdem</strong></span> <span class='ocrx_word' id='word_1_68' title='bbox 533 1640 679 1715; x_wconf 88' lang='lat' dir='ltr'><strong>prorsus</strong></span> <span class='ocrx_word' id='word_1_69' title='bbox 696 1615 877 1715; x_wconf 87' lang='lat' dir='ltr'><strong>sejunctas</strong></span> <span class='ocrx_word' id='word_1_70' title='bbox 903 1628 1012 1714; x_wconf 81' lang='lat' dir='ltr'><strong>atque</strong></span> <span class='ocrx_word' id='word_1_71' title='bbox 1043 1616 1185 1690; x_wconf 87' lang='lat' dir='ltr'><strong>distract</strong></span> 
     </span>
     <span class='ocr_line' id='line_1_12' title="bbox 318 1740 1186 1844; baseline -0.003 -27"><span class='ocrx_word' id='word_1_72' title='bbox 318 1742 482 1844; x_wconf 83' lang='lat' dir='ltr'>jusmodi</span> <span class='ocrx_word' id='word_1_73' title='bbox 500 1753 585 1816; x_wconf 88' lang='lat' dir='ltr'><strong>sunt</strong></span> <span class='ocrx_word' id='word_1_74' title='bbox 602 1744 727 1839; x_wconf 83' lang='lat' dir='ltr'><strong>capitu</strong></span> <span class='ocrx_word' id='word_1_75' title='bbox 743 1744 918 1839; x_wconf 79' lang='lat' dir='ltr'><strong>epistolae</strong></span> <span class='ocrx_word' id='word_1_76' title='bbox 934 1741 1034 1840; x_wconf 92' lang='lat' dir='ltr'><strong>apud</strong></span> <span class='ocrx_word' id='word_1_77' title='bbox 1052 1740 1186 1815; x_wconf 87' lang='lat' dir='ltr'><strong>Tullim</strong></span> 
     </span>
     <span class='ocr_line' id='line_1_13' title="bbox 324 1865 629 1966; baseline -0.003 -25"><span class='ocrx_word' id='word_1_78' title='bbox 324 1868 438 1955; x_wconf 89' lang='lat' dir='ltr'><strong>nium,</strong></span> <span class='ocrx_word' id='word_1_79' title='bbox 457 1865 629 1966; x_wconf 87' lang='lat' dir='ltr'><strong>aliosque.</strong></span> 
     </span>
    </p>

    <p class='ocr_par' dir='ltr' id='par_1_4' title="bbox 316 1992 1191 3349">
     <span class='ocr_line' id='line_1_14' title="bbox 373 1992 1186 2094; baseline 0.004 -29"><span class='ocrx_word' id='word_1_80' title='bbox 373 1992 433 2066; x_wconf 88' lang='lat' dir='ltr'><strong>Ex</strong></span> <span class='ocrx_word' id='word_1_81' title='bbox 449 1995 503 2079; x_wconf 91' lang='lat' dir='ltr'><strong>iis,</strong></span> <span class='ocrx_word' id='word_1_82' title='bbox 523 2018 616 2091; x_wconf 91' lang='lat' dir='ltr'><strong>quae</strong></span> <span class='ocrx_word' id='word_1_83' title='bbox 633 1993 809 2068; x_wconf 89' lang='lat' dir='ltr'><strong>hactenus</strong></span> <span class='ocrx_word' id='word_1_84' title='bbox 827 1993 1038 2081; x_wconf 86' lang='lat' dir='ltr'><strong>dictasunt,</strong></span> <span class='ocrx_word' id='word_1_85' title='bbox 1057 1997 1142 2069; x_wconf 89' lang='lat' dir='ltr'><strong>satis</strong></span> <span class='ocrx_word' id='word_1_86' title='bbox 1154 2019 1186 2094; x_wconf 75' lang='lat'><strong>²1</strong></span> 
     </span>
     <span class='ocr_line' id='line_1_15' title="bbox 323 2117 1187 2205; baseline 0 -11"><span class='ocrx_word' id='word_1_87' title='bbox 323 2143 439 2194; x_wconf 89' lang='lat' dir='ltr'><strong>unum</strong></span> <span class='ocrx_word' id='word_1_88' title='bbox 471 2119 560 2192; x_wconf 91' lang='lat' dir='ltr'><strong>mihi</strong></span> <span class='ocrx_word' id='word_1_89' title='bbox 593 2144 702 2193; x_wconf 87' lang='lat' dir='ltr'><strong>curae</strong></span> <span class='ocrx_word' id='word_1_90' title='bbox 731 2117 854 2205; x_wconf 89' lang='lat' dir='ltr'><strong>fuisse,</strong></span> <span class='ocrx_word' id='word_1_91' title='bbox 890 2132 931 2194; x_wconf 91' lang='lat' dir='ltr'><strong>ut</strong></span> <span class='ocrx_word' id='word_1_92' title='bbox 965 2119 1064 2195; x_wconf 88' lang='lat' dir='ltr'>Celsi</span> <span class='ocrx_word' id='word_1_93' title='bbox 1093 2132 1187 2195; x_wconf 83' lang='lat' dir='ltr'><strong>textt</strong></span> 
     </span>
     <span class='ocr_line' id='line_1_16' title="bbox 323 2244 1187 2336; baseline -0.001 -15"><span class='ocrx_word' id='word_1_94' title='bbox 323 2245 656 2322; x_wconf 84' lang='lat' dir='ltr'><strong>emendatissimum</strong></span> <span class='ocrx_word' id='word_1_95' title='bbox 684 2244 836 2336; x_wconf 83' lang='lat' dir='ltr'><strong>darem3</strong></span> <span class='ocrx_word' id='word_1_96' title='bbox 864 2270 950 2319; x_wconf 92' lang='lat' dir='ltr'><strong>cum</strong></span> <span class='ocrx_word' id='word_1_97' title='bbox 976 2260 1104 2323; x_wconf 81' lang='lat' dir='ltr'><strong>auctor</strong></span> <span class='ocrx_word' id='word_1_98' title='bbox 1128 2248 1187 2320; x_wconf 87' lang='lat' dir='ltr'><strong>mir</strong></span> 
     </span>
     <span class='ocr_line' id='line_1_17' title="bbox 321 2372 1188 2472; baseline 0 -26"><span class='ocrx_word' id='word_1_99' title='bbox 321 2374 378 2446; x_wconf 90' lang='lat' dir='ltr'><strong>nis</strong></span> <span class='ocrx_word' id='word_1_100' title='bbox 395 2372 511 2446; x_wconf 86' lang='lat' dir='ltr'><strong>nitore</strong></span> <span class='ocrx_word' id='word_1_101' title='bbox 528 2375 606 2470; x_wconf 88' lang='lat' dir='ltr'><strong>ipse</strong></span> <span class='ocrx_word' id='word_1_102' title='bbox 623 2395 688 2467; x_wconf 89' lang='lat' dir='ltr'><strong>per</strong></span> <span class='ocrx_word' id='word_1_103' title='bbox 705 2396 743 2444; x_wconf 90' lang='lat' dir='ltr'><strong>se</strong></span> <span class='ocrx_word' id='word_1_104' title='bbox 769 2373 982 2470; x_wconf 88' lang='lat' dir='ltr'><strong>perspicuus</strong></span> <span class='ocrx_word' id='word_1_105' title='bbox 1008 2372 1110 2446; x_wconf 86' lang='lat' dir='ltr'><strong>nullo</strong></span> <span class='ocrx_word' id='word_1_106' title='bbox 1138 2397 1188 2472; x_wconf 69' lang='lat' dir='ltr'><strong>eg</strong></span> 
     </span>
     <span class='ocr_line' id='line_1_18' title="bbox 320 2495 1188 2597; baseline 0 -24"><span class='ocrx_word' id='word_1_107' title='bbox 320 2497 508 2573; x_wconf 78' lang='lat' dir='ltr'><strong>mentatio.</strong></span> <span class='ocrx_word' id='word_1_108' title='bbox 560 2495 742 2596; x_wconf 87' lang='lat' dir='ltr'><strong>Equidem</strong></span> <span class='ocrx_word' id='word_1_109' title='bbox 766 2520 839 2569; x_wconf 90' lang='lat' dir='ltr'><strong>non</strong></span> <span class='ocrx_word' id='word_1_110' title='bbox 864 2500 1073 2596; x_wconf 83' lang='lat' dir='ltr'><strong>negaverim</strong></span> <span class='ocrx_word' id='word_1_111' title='bbox 1098 2523 1188 2597; x_wconf 90' lang='lat' dir='ltr'><strong>quae</strong></span> 
     </span>
     <span class='ocr_line' id='line_1_19' title="bbox 319 2622 1189 2722; baseline -0.001 -24"><span class='ocrx_word' id='word_1_112' title='bbox 319 2623 497 2699; x_wconf 92' lang='lat' dir='ltr'><strong>vocabula</strong></span> <span class='ocrx_word' id='word_1_113' title='bbox 513 2623 606 2698; x_wconf 79' lang='lat' dir='ltr'><strong>artis.</strong></span> <span class='ocrx_word' id='word_1_114' title='bbox 618 2624 773 2722; x_wconf 88' lang='lat' dir='ltr'><strong>propria,</strong></span> <span class='ocrx_word' id='word_1_115' title='bbox 801 2648 894 2722; x_wconf 88' lang='lat' dir='ltr'><strong>quae</strong></span> <span class='ocrx_word' id='word_1_116' title='bbox 912 2622 1049 2721; x_wconf 90' lang='lat' dir='ltr'><strong>aliquid</strong></span> <span class='ocrx_word' id='word_1_117' title='bbox 1067 2625 1189 2699; x_wconf 79' lang='lat' dir='ltr'><strong>habear</strong></span> 
     </span>
     <span class='ocr_line' id='line_1_20' title="bbox 319 2748 1189 2848; baseline 0 -23"><span class='ocrx_word' id='word_1_118' title='bbox 319 2751 459 2841; x_wconf 79' lang='lat' dir='ltr'><strong>ritatis3</strong></span> <span class='ocrx_word' id='word_1_119' title='bbox 487 2748 551 2822; x_wconf 88' lang='lat' dir='ltr'><strong>sed</strong></span> <span class='ocrx_word' id='word_1_120' title='bbox 568 2749 610 2822; x_wconf 89' lang='lat' dir='ltr'><strong>iis</strong></span> <span class='ocrx_word' id='word_1_121' title='bbox 628 2748 851 2848; x_wconf 87' lang='lat' dir='ltr'><strong>explicandis</strong></span> <span class='ocrx_word' id='word_1_122' title='bbox 870 2749 1034 2824; x_wconf 89' lang='lat' dir='ltr'><strong>Lexicon</strong></span> <span class='ocrx_word' id='word_1_123' title='bbox 1049 2750 1189 2825; x_wconf 85' lang='lat' dir='ltr'><strong>Celsiau</strong></span> 
     </span>
     <span class='ocr_line' id='line_1_21' title="bbox 319 2874 1190 2976; baseline 0 -26"><span class='ocrx_word' id='word_1_124' title='bbox 319 2900 401 2950; x_wconf 90' lang='lat' dir='ltr'><strong>cere</strong></span> <span class='ocrx_word' id='word_1_125' title='bbox 428 2874 702 2962; x_wconf 83' lang='lat' dir='ltr'><strong>existimabitur,</strong></span> <span class='ocrx_word' id='word_1_126' title='bbox 731 2878 927 2951; x_wconf 88' lang='lat' dir='ltr'><strong>sitantum</strong></span> <span class='ocrx_word' id='word_1_127' title='bbox 958 2877 1027 2952; x_wconf 89' lang='lat' dir='ltr'><strong>erit</strong></span> <span class='ocrx_word' id='word_1_128' title='bbox 1053 2878 1127 2964; x_wconf 86' lang='lat' dir='ltr'><strong>otii,</strong></span> <span class='ocrx_word' id='word_1_129' title='bbox 1159 2903 1190 2976; x_wconf 78' lang='lat' dir='ltr'><strong>pr</strong></span> 
     </span>
     <span class='ocr_line' id='line_1_22' title="bbox 318 2996 1191 3099; baseline 0.006 -25"><span class='ocrx_word' id='word_1_130' title='bbox 318 2996 527 3074; x_wconf 87' lang='lat' dir='ltr'><strong>valetudine</strong></span> <span class='ocrx_word' id='word_1_131' title='bbox 544 3008 618 3071; x_wconf 92' lang='lat' dir='ltr'><strong>tam</strong></span> <span class='ocrx_word' id='word_1_132' title='bbox 636 2998 776 3072; x_wconf 87' lang='lat' dir='ltr'><strong>infirma</strong></span> <span class='ocrx_word' id='word_1_133' title='bbox 802 3001 1009 3099; x_wconf 90' lang='lat' dir='ltr'><strong>crebrisque</strong></span> <span class='ocrx_word' id='word_1_134' title='bbox 1038 3002 1131 3077; x_wconf 90' lang='lat' dir='ltr'><strong>adeo</strong></span> <span class='ocrx_word' id='word_1_135' title='bbox 1160 3018 1191 3079; x_wconf 86' lang='lat' dir='ltr'><strong>te</strong></span> 
     </span>
     <span class='ocr_line' id='line_1_23' title="bbox 316 3121 1191 3218; baseline 0.009 -20"><span class='ocrx_word' id='word_1_136' title='bbox 316 3126 386 3199; x_wconf 89' lang='lat' dir='ltr'><strong>bus</strong></span> <span class='ocrx_word' id='word_1_137' title='bbox 402 3132 544 3209; x_wconf 85' lang='lat' dir='ltr'><strong>vexata,</strong></span> <span class='ocrx_word' id='word_1_138' title='bbox 576 3133 618 3195; x_wconf 91' lang='lat' dir='ltr'><strong>ut</strong></span> <span class='ocrx_word' id='word_1_139' title='bbox 639 3121 738 3218; x_wconf 91' lang='lat' dir='ltr'><strong>quod</strong></span> <span class='ocrx_word' id='word_1_140' title='bbox 756 3122 896 3197; x_wconf 91' lang='lat' dir='ltr'><strong>dudum</strong></span> <span class='ocrx_word' id='word_1_141' title='bbox 915 3127 1126 3203; x_wconf 88' lang='lat' dir='ltr'><strong>inchoatum</strong></span> <span class='ocrx_word' id='word_1_142' title='bbox 1144 3143 1191 3205; x_wconf 87' lang='lat' dir='ltr'><strong>est</strong></span> 
     </span>
     <span class='ocr_line' id='line_1_24' title="bbox 317 3246 867 3349; baseline -0.002 -24"><span class='ocrx_word' id='word_1_143' title='bbox 317 3248 512 3349; x_wconf 90' lang='lat' dir='ltr'><strong>aliquando</strong></span> <span class='ocrx_word' id='word_1_144' title='bbox 528 3246 712 3347; x_wconf 88' lang='lat' dir='ltr'><strong>perficere.</strong></span> <span class='ocrx_word' id='word_1_145' title='bbox 764 3248 867 3324; x_wconf 87' lang='lat' dir='ltr'><strong>Vale.</strong></span> 
     </span>
    </p>
   </div>
   <div class='ocr_carea' id='block_1_3' title="bbox 597 3461 1080 3537">
    <p class='ocr_par' dir='ltr' id='par_1_5' title="bbox 597 3461 1080 3537">
     <span class='ocr_line' id='line_1_25' title="bbox 597 3461 1080 3537; baseline 0.004 -19"><span class='ocrx_word' id='word_1_146' title='bbox 597 3465 610 3494; x_wconf 82' lang='lat'><strong>¹</strong></span> <span class='ocrx_word' id='word_1_147' title='bbox 622 3463 663 3518; x_wconf 86' lang='lat' dir='ltr'><strong>Sc.</strong></span> <span class='ocrx_word' id='word_1_148' title='bbox 675 3461 704 3516; x_wconf 90' lang='lat' dir='ltr'><strong>in</strong></span> <span class='ocrx_word' id='word_1_149' title='bbox 716 3461 818 3535; x_wconf 85' lang='lat' dir='ltr'><strong>capita:</strong></span> <span class='ocrx_word' id='word_1_150' title='bbox 837 3483 860 3521; x_wconf 86' lang='lat' dir='ltr'><strong>v.</strong></span> <span class='ocrx_word' id='word_1_151' title='bbox 873 3481 897 3537; x_wconf 90' lang='lat' dir='ltr'><strong>p.</strong></span> <span class='ocrx_word' id='word_1_152' title='bbox 910 3482 995 3524; x_wconf 84' lang='lat' dir='ltr'><strong>xxxv.</strong></span> <span class='ocrx_word' id='word_1_153' title='bbox 1004 3467 1080 3525; x_wconf 76' lang='lat' dir='ltr'><strong>infra.</strong></span> 
     </span>
    </p>
   </div>
   <div class='ocr_carea' id='block_1_4' title="bbox 0 0 1434 5296">
    <p class='ocr_par' dir='ltr' id='par_1_6' title="bbox 0 0 1434 5296">
     <span class='ocr_line' id='line_1_26' title="bbox 0 0 1434 5296; baseline 0 0"><span class='ocrx_word' id='word_1_154' title='bbox 0 0 1434 5296; x_wconf 95' lang='lat' dir='ltr'><strong> </strong></span> 
     </span>
    </p>
   </div>
  </div>
 </body>
</html>
