2858 5296
347 386 392 452 18
721 404 756 452 A.
774 401 886 456 cous.
902 400 1010 452 cnnsr

345 576 408 674 qui
429 598 568 674 parum,
596 577 783 674 quiescere
809 577 935 663 debet,
958 587 1008 664 et,
1036 576 1186 650 simam

345 689 539 763 necessitas
553 687 677 779 fuerit,
701 691 923 765 redormire:
951 690 1016 788 qui
1039 712 1115 762 non
1139 713 1185 763 co

345 812 424 878 toto
440 803 711 900 conquiescere,
730 825 912 901 seneque
930 801 1044 876 labori
1060 825 1110 888 se,
1129 824 1184 875 nei

344 915 484 1002 tationi,
513 940 634 1015 neque
658 917 816 1014 negotiis
841 914 1005 990 credere.
1057 914 1133 1002 Qui
1149 938 1184 990 or

345 1027 642 1127 praecordiorum
659 1029 785 1104 dolore
802 1039 935 1115 ructat,
953 1029 984 1102 is
1000 1050 1049 1103 ex
1064 1026 1183 1101 interv

347 1139 517 1239 frigidam
542 1142 678 1229 bibere,
705 1155 744 1216 et
768 1166 806 1216 se
824 1139 1058 1214 nihilominus
1074 1139 1182 1213 contii

349 1254 466 1329 bitare
485 1278 571 1328 vero
586 1254 753 1330 aedificio
768 1252 906 1341 lucido,
924 1251 1118 1351 perflatum
1135 1274 1182 1326 ae

350 1367 505 1443 hemum
522 1367 635 1442 solem
652 1367 833 1460 habente3
860 1389 994 1440 cavere
1011 1363 1181 1439 meridian

350 1479 571 1554 matutinum
600 1494 639 1555 et
664 1482 913 1579 vespertinum
938 1477 1078 1576 frigus3
1108 1478 1180 1551 iten

351 1589 544 1664 fluminum
556 1603 667 1691 atque
681 1605 918 1692 stagnorum:
935 1591 1169 1688 minimeque,

351 1702 401 1791 lo,
413 1701 480 1778 soli
491 1705 667 1802 aperienti
678 1731 717 1780 se
724 1706 967 1791 committere,
978 1727 1024 1778 ne
1035 1698 1179 1776 modofi

353 1814 453 1890 calor
469 1829 639 1910 moveat3
667 1843 761 1916 quae
774 1842 831 1892 res
844 1819 1001 1892 maxime
1017 1813 1179 1915 gravedir

352 1930 542 2029 tionesque
558 1932 731 2006 concitat.
784 1928 908 2028 Magis
924 1953 1013 2003 vero
1028 1929 1180 2027 gravibu

353 2041 530 2117 servanda
546 2057 644 2130 sunt,
662 2044 699 2117 in
717 2044 850 2142 quibus
868 2043 977 2117 etiarn
993 2041 1178 2141 pestilenti

192 2184 272 2234 usna
355 2153 454 2231 Scire
470 2166 594 2229 autem
611 2153 707 2243 licet,
726 2158 911 2254 integrum
927 2179 1062 2254 corpus
1077 2178 1166 2242 esse,

219 2335 234 2380 (i

191 2253 331 2368 ffifflf‘
355 2267 424 2342 die·
440 2291 548 2341 mane
572 2269 678 2342 urina
701 2268 794 2357 alba,
819 2268 905 2343 dein
935 2266 1016 2343 rufa
1045 2279 1124 2342 est:
1155 2264 1177 2341 ii

355 2404 478 2479 quere,
492 2379 562 2455 hoc
574 2383 786 2457 concoxisse
797 2380 986 2480 significat
1022 2379 1098 2455 Ubi
1107 2403 1177 2478 exp

354 2493 493 2593 aliquis,
506 2493 658 2592 paulurn
671 2495 936 2571 intermittere:
964 2492 1177 2582 deinde,nis

353 2604 480 2681 fovere
497 2631 538 2680 os
555 2605 670 2682 multa
685 2633 781 2706 aqua
797 2606 931 2706 frigida
948 2605 1073 2681 debet.
1121 2604 1176 2680 Lo

354 2719 536 2794 meridiari
552 2722 674 2818 potius
690 2736 777 2797 ante
793 2721 917 2796 cibum
931 2750 952 2812 3w
971 2720 1026 2792 sin
1043 2719 1176 2804 minus,

353 2858 421 2931 per
435 2834 596 2908 hiemem·
609 2837 838 2934 potissimum
856 2836 941 2910 totis
955 2834 1124 2908 noctibus
1137 2856 1176 2907 co

355 2944 419 3018 Sin
436 2942 704 3020 lucubrandum
721 2960 789 3035 est,
809 2972 882 3022 non
896 2959 980 3046 post
998 2947 1122 3022 cibum
1138 2944 1175 3019 id

353 3067 438 3154 post
453 3058 743 3133 concoctionem.
796 3061 920 3147 Quem
946 3057 1105 3134 interdiu
1123 3056 1175 3134 vel

354 3167 413 3243 vel
441 3166 561 3242 civilia
587 3168 707 3243 officia
731 3182 940 3257 tenuerunt,
972 3171 1059 3246 huic
1089 3184 1175 3270 temq

356 3280 574 3357 servandum
593 3284 772 3359 curationi
787 3286 949 3383 corporis
962 3287 1018 3359 sui
1031 3297 1096 3360 est.
1149 3283 1175 3357 P

356 3395 435 3495 ejus
451 3397 601 3484 curatio,
616 3398 830 3472 exercitatio
847 3410 913 3485 est,
933 3423 1025 3497 quae
1039 3423 1175 3497 semper

358 3510 482 3585 cibum
499 3509 632 3586 debet:
658 3513 697 3586 in
723 3537 779 3601 eo,
807 3513 871 3612 qui
896 3515 1016 3616 minus
1040 3513 1175 3593 labosar

358 3624 541 3712 concoxit,
559 3623 735 3723 amplior;
762 3627 801 3702 in
818 3651 874 3714 eo,
894 3628 957 3725 qui
970 3625 1175 3725 fatigatuse

358 3738 541 3825 concoxit,
555 3739 747 3814 remissior.
798 3739 1000 3815 Commode
1014 3764 1101 3814 vero
1114 3763 1175 3814 exe

358 3847 479 3938 lectio,
505 3875 616 3939 arma,
641 3851 726 3950 pila,
751 3878 890 3941 cursus,
923 3852 1148 3945 ambulati03

357 3985 432 4036 non
451 3964 579 4062 utique
594 3963 714 4063 plana,
732 3966 959 4041 commodior
975 3979 1055 4058 est;
1084 3967 1175 4065 siqui

357 4099 528 4151 ascensus
544 4101 690 4176 quoque
708 4091 746 4154 et
762 4078 970 4167 descensus,
988 4105 1075 4154 curn
1092 4104 1175 4178 qua<

357 4201 396 4264 te
408 4213 541 4288 corpus
553 4202 711 4277 moveat,
730 4191 798 4264 nisi
811 4203 933 4267 tamen
947 4191 985 4265 id
997 4217 1173 4292 perquam

359 4315 425 4380 est.
478 4300 615 4377 Melior
631 4315 755 4399 autern
773 4317 829 4379 est
846 4308 913 4380 sub
931 4305 1027 4393 divo,
1053 4331 1162 4405 quam

359 4416 498 4506 melior,
525 4416 554 4492 si
580 4428 692 4516 caput
716 4419 863 4516 patitur,
891 4422 929 4496 in
954 4419 1040 4510 sole,
1069 4443 1176 4519 quarn
