2858 5296
323 319 372 386 34
695 337 730 385 x.
749 333 861 386 coms.
881 333 989 385 crum

162 510 444 601 rempesetcalon
469 511 655 585 nocturnis
685 521 795 611 atque
824 507 1024 596 matutinis,
1060 508 1179 583 simul(

325 625 550 723 vespertinis,
566 622 682 723 frigus
699 637 764 699 est„
817 623 960 722 Corpus
976 646 1075 720 ergo,
1107 634 1142 697 et
1167 647 1180 695 a

324 735 479 811 subinde
498 737 703 812 meridianis
720 736 900 811 caloribus
925 733 1139 820 relaxatum,
1168 759 1181 808 s

324 874 413 947 gore
430 852 622 951 excipitur.
674 850 757 937 Sed,
784 861 828 925 ut
844 874 889 924 eo
905 860 1069 948 ternpore
1086 848 1126 922 id
1150 871 1182 920 m

291 1028 295 1042 .
325 966 388 1050 sic,
404 963 697 1062 quandocunque
715 964 847 1050 evenit,
867 963 1019 1036 noxium
1036 979 1102 1036 est
1155 960 1183 1036 L*

323 1068 406 1151 litas
421 1090 543 1152 autem
560 1089 626 1165 est,
645 1093 767 1151 tamen
785 1075 1011 1168 saluberrimi
1034 1090 1122 1150 sunt
1138 1099 1184 1150 ser

323 1193 489 1266 meliores
519 1192 642 1292 pluvii,
676 1215 786 1289 quam
814 1204 957 1264 tantum
986 1187 1163 1276 nebulosi,

323 1306 524 1405 optimique
543 1304 673 1391 hieme,
702 1305 766 1402 qui
789 1305 889 1377 omni
915 1314 1027 1377 vento
1043 1312 1176 1376 vacant

202 1454 248 1504 ,3
325 1419 457 1517 quibus
476 1418 630 1492 Favonii
646 1419 813 1519 perflant
866 1417 904 1492 Si
928 1442 1045 1516 genus
1070 1415 1170 1490 aliud

323 1543 389 1618 est,
421 1530 635 1607 salubriores
671 1531 999 1632 Septembrionales,
1035 1554 1143 1628 quam
1174 1529 1188 1605 l

322 1643 382 1717 vel
399 1643 528 1719 Austri
545 1656 655 1720 sunt:
683 1648 735 1720 sic
752 1657 874 1720 tamen
886 1643 988 1731 haec,
1011 1656 1053 1718 ut
1062 1643 1189 1717 interd}

322 1782 412 1830 num
438 1775 533 1833 sorte
560 1771 761 1834 mutentur.
812 1759 909 1832 Nam
942 1755 1019 1831 fere
1043 1767 1174 1831 ventus

323 1870 595 1953 mediterraneis
621 1872 829 1970 regionibus
848 1873 1006 1958 veniens,
1034 1869 1185 1944 salubris

322 1984 441 2087 gravis
458 1995 523 2058 est
576 1983 708 2082 Neque
726 1984 844 2058 solum
861 1984 900 2057 in
917 1984 1015 2058 bono
1032 1995 1193 2082 tempest

321 2095 403 2175 bitu
419 2097 553 2171 certior
564 2094 737 2177 valetudo
747 2107 826 2186 est;
855 2095 919 2170 sed
935 2097 1073 2195 priores
1089 2096 1194 2171 morb

324 2212 354 2285 si
371 2210 434 2310 qui
445 2207 665 2298 inciderunt,
685 2209 838 2284 leviores
856 2225 952 2296 sunt,
973 2222 1011 2284 et
1026 2211 1195 2308 promptir

326 2336 397 2400 tur.
449 2321 651 2401 Pessimum
668 2348 778 2422 aegro
795 2321 940 2398 coelum
958 2334 1023 2410 est,
1044 2322 1144 2421 quod
1160 2346 1196 2397 ae

322 2438 398 2532 cit3
426 2435 519 2511 adeo
537 2447 579 2512 ut
595 2437 634 2510 in
650 2435 691 2509 id
704 2462 850 2536 quoque
868 2460 997 2535 genus,
1017 2435 1117 2534 quod
1131 2449 1198 2513 nab

324 2563 390 2639 est,
406 2551 446 2624 in
463 2549 533 2625 hoc
551 2562 648 2627 statu
666 2548 817 2624 salubris
835 2550 989 2627 mutatio
1006 2552 1063 2624 sit.

160 2702 248 2754 Aa„
375 2662 431 2740 At
447 2675 545 2738 aetas
561 2664 683 2738 media
699 2665 878 2739 tutissima
894 2675 959 2750 est,
989 2687 1082 2760 quae
1103 2686 1201 2761 nequ

325 2788 383 2851 tae
400 2777 532 2865 calore,
552 2802 671 2876 neque
689 2779 886 2853 senectutis
903 2775 1037 2874 frigore
1050 2773 1202 2850 infestato

322 2892 379 2986 gis
396 2890 531 2963 morbis
549 2903 728 2978 senectus,
748 2892 864 2966 acutis
877 2889 1124 2964 adolescentia
1140 2913 1204 2986 mal

162 3021 277 3098 corporo
325 3002 467 3100 Corpus
484 3014 606 3076 autem
627 3001 888 3076 habilissimum
915 3001 1133 3102 quadratum
1165 3026 1204 3081 cs

162 3089 266 3138 ποκ’·
323 3113 468 3212 gracile,
489 3137 609 3210 neque
626 3114 789 3189 obesum.
841 3115 939 3189 Nam
967 3116 1077 3213 longa
1102 3128 1206 3195 statut

315 3228 471 3326 juventa
488 3225 621 3299 decora
639 3237 704 3313 est,
724 3227 775 3299 sic
794 3239 935 3302 matura
952 3241 1141 3304 senectute
1159 3252 1207 3307 co

320 3337 456 3438 gracile
474 3363 607 3438 corpus
623 3338 818 3429 infirmum,
838 3341 990 3414 obesum
1008 3343 1120 3416 hebes
1137 3354 1206 3419 est.

161 3487 299 3539 mmm
372 3451 472 3529 Vere
488 3465 611 3527 tamen
629 3454 798 3539 maxime,
826 3478 1069 3553 quaecunque
1087 3454 1211 3537 humor

161 3556 284 3673 wll
323 3577 513 3655 novantur,
530 3567 569 3641 in
587 3579 689 3643 metu
705 3593 782 3642 esse
800 3581 1034 3643 consuerunt.
1087 3568 1188 3665 Ergo

323 3679 518 3778 pitudines,
550 3680 730 3778 pustulae,
766 3680 929 3781 profusio
957 3683 1154 3780 sanguinis,
1191 3706 1214 3757 a

323 3794 494 3896 corporis,
509 3818 602 3893 quae
614 3795 834 3892 ἁποστῆματα
840 3794 976 3870 Graeci
987 3795 1216 3880 nominantb

323 3930 432 4007 quarn
443 3910 669 4006 μελαγχολίαν
683 3911 878 4009 appellant,
893 3911 1043 3998 insania,
1058 3910 1218 3984 morbus

321 4017 376 4108 lis,
391 4021 536 4118 angina,
550 4023 775 4120 gravedines
791 4022 1050 4098 destillationes
1067 4024 1153 4097 oriri
1171 4020 1218 4097 sol

272 4221 277 4230 q
323 4157 469 4234 quoque
486 4135 614 4225 morbi,
649 4138 713 4234 qui
737 4139 775 4210 in
801 4137 961 4212 articulis
979 4138 1171 4234 nervisque
1191 4160 1218 4209 n

162 4283 267 4345 flu„
322 4260 423 4345 gent,
441 4247 552 4322 modo
570 4249 773 4349 quiescunt,
792 4254 1072 4349 cummaxime
1095 4265 1133 4326 et
1157 4251 1218 4329 ine

162 4353 263 4470 23¹3&
324 4372 362 4436 et
377 4371 558 4465 repetunt.
612 4361 668 4438 At
683 4376 798 4438 aestas
816 4389 889 4438 non
907 4363 1056 4463 quidem
1073 4375 1179 4439 vacat
1194 4388 1218 4464 p
