2858 5296
337 333 409 410 106
707 357 743 405 a.
761 357 873 409 cous.
892 357 999 409 cscsr

331 544 388 612 est
403 530 623 620 stomachus,
643 545 682 605 et
697 515 903 632 compressa
918 530 1034 619 alvus,
1060 554 1107 605 ex
1124 554 1181 628 aqi

331 646 436 724 sivel
452 645 513 721 ille
529 643 691 743 languet,
717 646 776 720 vel
801 646 892 721 haec
905 643 1064 745 profluit,
1091 668 1179 742 exp

329 762 449 862 primo
466 758 616 858 quidem
632 759 716 833 cibo
731 759 771 832 id
788 761 872 834 satis
893 772 959 834 est
1010 757 1179 832 Secundo

332 874 423 975 qnid
439 873 548 974 adjici
564 883 694 971 potest,
709 897 757 946 ex
769 871 900 947 eodem
913 885 1036 947 tamen
1047 895 1178 970 genere

330 988 391 1064 vel
407 987 499 1075 olus,
518 986 576 1059 vel
593 985 856 1085 conchylium·
871 985 931 1060 vel
947 1008 1108 1085 pomum.
1160 983 1178 1058 l

330 1102 415 1178 bres
432 1098 580 1200 quidem
596 1097 819 1186 increscunt,
838 1098 898 1174 hic
912 1098 1009 1173 solus
1025 1097 1177 1173 idoneus

330 1213 409 1292 Ubi
426 1236 513 1288 vero
526 1222 590 1286 aut
602 1210 783 1299 desinunt,
803 1225 867 1287 aut
879 1211 1056 1299 levantur,
1075 1236 1178 1311 semp

330 1326 581 1426 incipiendum
599 1337 655 1399 est
670 1325 716 1398 ab
734 1325 856 1424 aliquo
876 1351 922 1400 ex
948 1327 1099 1400 materia
1113 1325 1178 1399 levi

324 1438 530 1543 jiciendum
543 1462 633 1512 vero
650 1438 786 1537 aliquid
803 1464 850 1513 ex
863 1438 995 1527 media,
1012 1437 1178 1513 rationel

331 1552 419 1628 inde
437 1565 475 1627 et
491 1552 621 1626 virium
640 1551 805 1639 hominis,
824 1564 863 1627 et
875 1552 1003 1626 morbi.
1038 1551 1177 1625 Ponenc

331 1690 400 1765 gro
416 1667 505 1740 varii
521 1666 605 1752 cibi,
633 1667 728 1740 sicut
744 1664 981 1764 Asclepiades
997 1666 1177 1763 praecepit

331 1804 435 1853 mum
448 1792 544 1867 sunt,
560 1778 623 1853 ubi
637 1778 782 1854 fastidio
795 1791 957 1877 urgetur,
975 1802 1096 1877 neque
1108 1778 1178 1852 sati

332 1892 480 1979 ficiunt;
505 1905 549 1967 ut
569 1892 718 1991 paulum
744 1917 792 1966 ex
817 1891 967 1991 singulis
984 1891 1178 1989 degustans

333 2007 436 2081 vitet.
480 2005 536 2080 At
551 2007 582 2078 si
599 2030 718 2103 neque
735 2006 800 2091 vis,
820 2029 940 2103 neque
957 2005 1136 2104 cupiditas
1153 2004 1177 2077 d

332 2120 509 2193 varietate
535 2116 784 2192 sollicitandus
799 2143 908 2215 aeger
934 2131 1012 2211 est;
1040 2141 1086 2192 ne
1112 2116 1178 2216 plu

332 2257 443 2330 quarn
470 2246 687 2330 concoquat.
737 2230 870 2328 Neque
897 2256 1025 2305 verum
1050 2244 1115 2318 est,
1143 2254 1178 2329 qr

333 2344 478 2433 dicitur,
510 2342 652 2418 facilius
682 2345 863 2442 concoqui
893 2345 993 2418 cibos
1022 2346 1151 2418 varios.

333 2460 431 2533 enim
464 2458 631 2532 facilius:
667 2457 715 2530 ad
749 2460 1024 2532 concoctionem
1059 2469 1178 2531 autern

332 2597 450 2672 genus
479 2585 518 2647 et
543 2570 675 2645 modus
701 2573 896 2670 pertinent
948 2571 1081 2669 Neque
1110 2573 1179 2645 intr

333 2685 488 2774 dolores,
520 2710 642 2787 neque
667 2690 893 2759 increscente
922 2685 1060 2770 morbo,
1088 2696 1179 2759 tutu

333 2825 440 2896 grum
467 2801 552 2873 cibo
571 2799 735 2901 impleri;
760 2798 824 2873 sed
842 2799 904 2872 ubi
925 2797 1097 2872 inclinata
1105 2797 1179 2897 jarn

334 2911 507 2987 valetudo
524 2927 589 2986 est.

172 3051 287 3114 carpos.
386 3024 481 3099 Sunt
498 3023 590 3098 aliae
607 3050 753 3123 quoquc
779 3027 1045 3099 observationes
1075 3026 1113 3096 in
1140 3022 1180 3098 fe]

171 3119 311 3235 2223th
337 3138 521 3210 cessariae.
574 3136 701 3234 Atque
728 3137 765 3209 id
792 3164 937 3235 quoque
965 3137 1165 3211 videndum

172 3253 289 3383 ἐξιήσ-
336 3249 484 3348 quidam
502 3248 618 3324 solum
631 3251 869 3346 praecipiunt,
886 3250 1098 3325 adstrictum
1117 3274 1180 3324 cor

229 3351 237 3364 ’
335 3362 519 3462 profluat3
553 3387 707 3459 quorum
736 3362 889 3435 alterum
916 3364 1127 3462 strangulat,
1155 3363 1182 3436 al

335 3478 441 3574 gerit.
493 3475 590 3549 Narn
617 3476 646 3548 is
671 3474 884 3549 adstrictum
912 3491 977 3564 est,
1007 3476 1177 3551 ducenda

335 3589 520 3665 movenda
530 3591 644 3676 urina,
660 3589 860 3664 eliciendus
873 3594 971 3665 omni
985 3592 1095 3666 modo
1109 3589 1183 3664 sud·

339 3812 433 3867 Celsus
445 3812 502 3867 dari
512 3813 649 3886 praecipit.
686 3814 759 3870 Hinc
771 3818 902 3880 Arcano,
915 3817 979 3871 Met.
989 3816 1016 3870 ii.
1032 3823 1049 3848 “
1061 3819 1182 3871 intritum

336 3897 413 3949 tum’‘
427 3897 497 3950 idem
510 3900 632 3969 estquod
647 3899 782 3964 Vannosr,
795 3902 829 3954 R.
842 3901 876 3954 lt
889 3901 916 3960 ii.¹
930 3907 953 3954 9.
989 3909 1005 3932 “
1022 3901 1102 3954 Panis
1118 3901 1147 3954 in
1165 3901 1184 3953 la

336 3980 371 4032 ad
382 3997 460 4033 canes
481 3980 581 4052 optime
592 3982 708 4046 alendos,
720 3983 859 4055 significat.
896 3992 911 4015 “
924 3986 994 4039 Tute
1007 3985 1058 4039 hoc
1069 3983 1179 4049 intristi,

337 4064 532 4118 exedendum.”
560 4065 626 4120 Tra.
639 4066 749 4121 Phorm.
762 4068 868 4123 Dossr.
880 4069 914 4123 ad
927 4069 976 4123 loc.
989 4071 1127 4123 Basoscn.
1139 4068 1168 4120 in
1182 4078 1185 4111 ¹

376 4147 390 4174 ⁸
400 4147 556 4218 Conchylia,
568 4156 599 4202 ut
611 4149 733 4215 vidimus,
745 4160 821 4206 eraut
839 4153 983 4207 conchulae
1001 4153 1109 4224 quaeris
1126 4152 1182 4205 lere

336 4223 495 4296 Buccinum‚
508 4232 614 4298 Murex,
627 4234 756 4304 Purpura,
773 4236 819 4288 sed
831 4237 964 4291 minimae.
1002 4237 1072 4290 Vide
1091 4237 1187 4289 Paruit

339 4317 406 4369 Con.
417 4313 566 4368 Grsusnun
578 4316 611 4370 de
621 4316 797 4388 Aquatilibus,
810 4324 876 4384 309;
890 4320 1074 4376 Hrrrncsarrs
1083 4321 1180 4384 locum,

337 4404 472 4469 29.snpra
484 4398 601 4454 citatum.
978 4479 995 4534 7
