2858 5296
428 660 593 714 merom
614 663 802 719 serurru.
1083 654 1132 729 vii

70 834 181 945 ..oepti
194 848 231 917 et
244 833 481 938 rationalis,
501 840 578 923 sed
598 844 790 929 absurdis
820 844 1014 930 formulis
1043 879 1132 937 me.

80 973 397 1086 diffluentisque
426 975 643 1080 liberrimi,
672 982 878 1094 angulum
905 984 1129 1096 diligentia

82 1115 239 1223 qudam
269 1114 501 1201 colendum
542 1123 808 1205 curavimus:
853 1136 903 1204 ut
930 1154 1127 1209 Annoru-

76 1282 243 1352 rrornrr,
303 1285 565 1358 syrorsrurr,
628 1290 897 1347 eunomium
953 1264 1124 1353 demum

67 1393 298 1479 muitarum
327 1425 422 1506 ope,
461 1396 577 1483 haud
616 1427 741 1511 opere
782 1404 953 1511 majore,
997 1430 1122 1511 quam

64 1561 107 1623 er
136 1535 431 1617 Hancannno
464 1537 532 1620 vel
559 1539 837 1625 Srnnnnruo
866 1539 973 1624 effici
1006 1540 1122 1639 solet

60 1674 230 1782 quodvis
265 1704 323 1758 ex
354 1676 487 1760 Censr
517 1680 782 1791 praescriptis
810 1681 856 1763 iu
879 1680 1123 1791 pharmacu-

57 1814 162 1924 polio
180 1816 327 1926 parari
362 1828 516 1925 posset.
574 1817 674 1923 Non
703 1821 820 1931 quod
849 1820 987 1903 cautio
1015 1849 1122 1903 non-

59 1951 179 2036 nullis
197 1955 419 2065 quaedam
439 1956 598 2039 nonsit
618 1957 883 2041 adhibenda:
913 1985 1121 2055 annorum

60 2089 280 2177 MDCCC.
300 2093 447 2204 lapsus
462 2105 506 2176 et
520 2094 701 2205 injuriae
723 2096 984 2181 notationem
1002 2093 1121 2181 illam

53 2231 330 2330 arbitrariam,
353 2261 449 2342 qua,
467 2232 733 2345 periclitante
748 2247 851 2333 utut
868 2263 1022 2346 genere
1039 2233 1120 2319 hu-

59 2396 185 2469 mano,
204 2371 428 2454 medicum
457 2383 508 2453 ut
535 2373 904 2457 medicamentario
923 2372 1121 2484 praescri-

59 2507 178 2608 beret,
198 2510 285 2593 diis
305 2511 427 2592 iratis
447 2511 637 2595 omnium
656 2523 843 2596 aetatum
863 2523 908 2595 et
925 2512 1120 2622 gentium

59 2646 398 2755 placuitmiseris
411 2651 619 2758 stragibus
630 2650 984 2734 deformaverunt.
1005 2649 1119 2732 Mul-

61 2789 105 2868 tis
125 2818 177 2871 ne
197 2791 380 2871 nomina
399 2789 570 2897 quidem
591 2790 869 2872 remediorum
895 2791 1121 2871 immutata

62 2943 211 3010 restant
229 2962 240 3022 3
274 2957 324 3010 ac
354 2925 546 3038 plurimis
564 2930 801 3038 ponderum
822 2956 956 3034 aeque
977 2955 1024 3005 ac
1045 2954 1122 3006 nu-

67 3094 268 3150 merorum
305 3067 564 3149 characteres
595 3065 831 3174 suspicione
866 3063 982 3144 haud
1002 3066 1119 3146 vacui

72 3219 177 3287 sunt:
196 3207 275 3289 sed
297 3234 396 3286 cum
416 3204 625 3287 elementa
646 3201 996 3313 compositionum
1017 3203 1116 3285 satis

71 3342 149 3425 fere
165 3345 525 3442 declaraverimus,
544 3343 660 3424 haud
680 3343 860 3424 arduum
882 3344 972 3439 erit,
1008 3344 1117 3453 ipsos

65 3487 283 3567 restituere
305 3483 583 3594 cupientibus

110 3624 173 3706 Ut
201 3624 404 3732 antiquas
432 3620 524 3702 illas
543 3620 737 3703 materias
757 3618 951 3730 singulas
982 3621 1026 3700 in
1046 3619 1120 3701 ho-

61 3764 226 3860 diernis,
243 3762 420 3843 scientia
432 3762 665 3871 recognitis
683 3788 1009 3870 agnosceremus
1026 3757 1121 3839 nul-

60 3900 242 4013 lispene,
264 3901 345 3981 nisi
362 3928 642 3981 numeremus
659 3899 738 3979 niti
752 3927 1023 3979 Auaronrnus
1040 3909 1120 3978 sta-

61 4043 243 4133 tuimus3
267 4067 344 4121 nec
357 4038 418 4137 iis,
430 4037 613 4148 exceptis
626 4037 799 4118 fortasse
815 4032 1121 4116 immortalibus

61 4178 264 4262 Brunrrvr
284 4191 328 4260 et
349 4176 545 4259 Lrnnrnr
566 4174 788 4271 laboribus
808 4201 986 4283 usquam
999 4171 1123 4251 vehe-

60 4334 224 4401 menter
237 4318 304 4401 fisi
318 4345 481 4400 sumus:
501 4315 658 4425 quippe
675 4315 830 4423 quibus
846 4324 964 4392 tanta
979 4337 1124 4417 quam-

62 4460 116 4539 vis
148 4458 326 4541 nomina
353 4454 566 4564 talemque
587 4452 854 4561 diligentiam
877 4476 976 4558 prae
997 4473 1039 4525 se
1070 4446 1126 4523 fe-

63 4599 262 4696 rentibus,
285 4596 603 4706 inquisitionem
624 4604 823 4685 nostram,
854 4586 934 4667 nisi
965 4611 1060 4663 cum
1082 4611 1129 4660 ea

65 4739 216 4820 frustra
248 4739 336 4819 visa
374 4749 494 4832 esset,
538 4734 725 4816 breviare
756 4751 965 4833 nusquam
1007 4717 1132 4797 licere
