2858 5296
326 339 378 417 36
708 363 745 413 s.
762 362 875 413 cons.
893 361 1001 417 cansa

329 538 498 616 culorum
524 534 671 615 dolores
695 537 873 614 oriuntur.
924 535 997 613 Per
1012 536 1158 625 imbres,

327 653 422 740 bres,
433 649 509 726 alvi
525 649 760 752 dejectiones,
779 651 925 750 angina,
937 651 1071 738 cancri,
1087 649 1177 726 morl

327 764 392 853 les,
408 763 581 842 resolutio
599 788 821 856 nervorum3
840 765 1017 863 παράλυσιν
1030 763 1167 839 Graeci

167 893 287 944 Ventis
327 878 462 978 Neque
487 876 606 954 solum
631 879 796 966 interest,
826 877 952 976 quales
969 877 1046 952 dies
1069 880 1154 967 sint,

165 961 313 1091 ffiffl'
328 991 453 1093 quales
479 1005 566 1069 ante
582 992 855 1091 praecesserint.
907 989 947 1065 Si
962 989 1080 1066 hiems
1107 993 1176 1068 sict

166 1094 242 1145 ‘³⁵¹²
327 1107 499 1183 trionales
523 1118 653 1181 ventos
676 1103 816 1191 habuit,
845 1128 913 1178 ver
929 1119 1052 1179 autem
1078 1103 1176 1181 Aust

328 1221 406 1296 vias
423 1219 584 1305 exhibet,
608 1215 686 1292 fere
703 1218 863 1292 subeunt
879 1215 1126 1317 lippitudines,
1149 1231 1176 1293 tr

328 1335 422 1420 bres,
442 1333 673 1430 maximeque
690 1333 728 1406 in
745 1330 970 1406 mollioribus
987 1330 1176 1430 corporibu

272 1497 277 1508 ·
328 1447 524 1544 praecipue
542 1446 580 1518 in
597 1443 846 1520 muliebribus.
899 1443 1041 1518 sivero
1067 1442 1176 1518 Austr

329 1584 402 1658 que
420 1558 577 1633 hiemem
596 1570 835 1658 occuparunt,
856 1581 919 1631 ver
935 1569 1058 1633 autem
1074 1555 1175 1656 frigir'

329 1683 495 1760 comest,
513 1673 686 1771 gravidae
700 1672 848 1771 quidem
865 1669 1033 1757 feminae,
1045 1672 1175 1770 quibus

329 1798 465 1884 partus,
484 1787 614 1861 abortu
631 1786 908 1886 pericbtantur;
928 1810 992 1859 eae
1003 1810 1090 1859 vero
1107 1810 1176 1884 qua

329 1898 541 1987 imbecillos,
569 1901 705 1997 vixque
728 1899 855 1972 vitales
880 1897 1018 1973 edunt:
1048 1910 1176 1973 cetero

328 2011 441 2099 arida,
461 2026 509 2099 et,
529 2014 559 2086 si
576 2014 738 2087 seniores
754 2025 850 2098 sunt,
869 2011 1088 2110 gravedines
1104 2024 1176 2111 atqr

328 2125 446 2199 tiones
463 2124 558 2200 male
575 2125 722 2199 habent
775 2123 830 2198 At
846 2125 876 2198 si
893 2151 915 2197 a
932 2126 1048 2223 prima
1061 2126 1176 2200 hieme

328 2235 500 2311 ultimum
526 2263 593 2313 ver
620 2239 894 2324 continuarunt,
923 2238 1079 2313 laterum
1097 2238 1176 2313 dole

328 2352 430 2424 sauia
453 2348 750 2438 febricitantium,
778 2374 888 2448 quam
906 2352 1038 2449 φςίνησιν
1054 2350 1176 2451 appell

330 2463 518 2538 celerrime
548 2466 705 2563 rapiunt.
764 2463 838 2539 Ubi
865 2489 953 2538 vero
981 2466 1079 2539 calor
1105 2490 1129 2538 a
1157 2491 1176 2564 p

329 2602 434 2651 orsus
451 2589 625 2654 aestatem
643 2602 789 2676 quoque
806 2578 960 2652 similem
978 2579 1137 2666 exhibet,
1164 2603 1177 2651 r

329 2689 488 2766 multum
506 2691 675 2766 sudorem
687 2692 725 2763 in
742 2689 904 2765 febribus
921 2692 1119 2789 subsequi·
1168 2745 1177 2763 ,

329 2817 447 2877 aestas
466 2803 671 2901 Aquilones
690 2805 828 2892 habuit,
856 2817 1033 2879 autumno
1051 2830 1138 2877 vero
1154 2805 1177 2877 ir

329 2916 466 3011 strique
484 2929 579 3002 sunt,
611 2932 690 2992 tota
705 2918 838 3004 hieme,
869 2943 962 3016 quae
988 2919 1177 3016 proxima<

329 3025 536 3114 destillatio,
551 3031 720 3114 raucitas,
734 3032 772 3102 in
786 3030 1003 3127 quibusdam
1018 3032 1129 3105 etiam
1141 3043 1177 3104 ta

329 3137 394 3213 Sin
420 3153 543 3213 autern
573 3152 771 3214 autumnus
799 3167 945 3240 quoque
963 3168 1081 3242 aeque
1110 3145 1178 3218 sicr

329 3249 579 3349 Aquilonibus
595 3252 781 3352 perflatur,
809 3256 979 3329 omnibus
996 3256 1178 3354 quidemr

329 3365 553 3463 corporibus,
562 3357 658 3441 inter
668 3392 762 3464 quae
772 3367 962 3442 muliebria
973 3395 1051 3444 esse
1062 3394 1178 3469 propo

326 3476 376 3551 da
393 3477 566 3561 valetudo
583 3481 788 3578 contingit:
819 3481 1024 3557 durioribus
1041 3508 1129 3558 vero
1157 3485 1179 3557 ir

326 3605 414 3665 sunt
431 3604 469 3667 et
484 3592 606 3667 aridae
623 3593 870 3693 lippitudines,
896 3608 935 3671 et
958 3593 1079 3670 febres
1095 3610 1179 3696 part

328 3706 460 3802 partim
478 3705 621 3805 longae,
648 3719 687 3781 et
704 3709 729 3780 ii
749 3710 876 3795 morbi,
905 3710 967 3806 qui
985 3735 1032 3784 ex
1050 3722 1127 3784 atra
1143 3710 1179 3783 bi

328 3829 400 3891 tur.
455 3818 569 3906 Quod
584 3819 633 3894 ad
648 3831 784 3895 aetates
801 3847 888 3896 vero
904 3825 1074 3920 pertinet,
1093 3847 1180 3921 puer

326 3953 401 4026 que
420 3929 475 4004 his
492 3957 579 4006 vere
597 3934 734 4031 optime
753 3934 885 4020 valent,
913 3947 951 4008 et
967 3948 1103 4009 aestate
1120 3936 1181 4034 pri

327 4043 379 4119 mi
409 4057 518 4118 sunt:
551 4069 653 4120 senes
683 4060 820 4123 aestate
850 4062 887 4125 et
914 4049 1081 4122 autumni
1110 4051 1182 4146 prir

321 4154 478 4255 juvenes
504 4157 635 4245 hieme,
667 4161 804 4258 quique
820 4161 916 4234 inter
935 4159 1127 4260 juventam
1146 4185 1183 4235 se

327 4295 400 4369 que
427 4281 523 4346 sunt.
577 4270 765 4346 Inimicior
791 4275 938 4348 senibus
964 4273 1091 4362 hiems,
1120 4298 1182 4349 aes

362 4422 376 4452 ¹
393 4419 472 4476 Hu’r.
486 4420 556 4494 Aph.
569 4421 614 4477 vii.
626 4430 650 4478 6.
663 4423 704 4479 cd.
715 4425 790 4480 Lind.
819 4426 920 4481 Wmss
932 4445 968 4483 on
981 4427 1074 4495 Ferer,
1086 4447 1111 4502 p.
1125 4436 1167 4483 20.
