2858 5296
346 301 416 366 154
716 314 750 361 A.
771 312 883 360 cons.
902 310 1008 360 ests!

181 511 293 563 vnum
346 503 425 567 tera
441 489 563 565 omnia
588 486 690 587 qussi
708 487 803 560 sonis
827 483 995 560 facienda
1010 498 1109 570 sunt,
1139 509 1163 583 p

180 582 239 632 ol'll·

346 628 378 678 si
367 602 532 677 diutim
561 601 731 700 aliquem,
763 611 802 673 et
830 597 1080 672 vehementius
1105 598 1163 671 ists

347 727 595 792 consuerunt:
624 714 710 788 huic
727 713 825 787 enirn
843 708 1022 810 quaedam
1039 711 1163 785 curios

346 831 399 904 tio
423 829 626 905 necessario
648 839 717 901 est.
768 825 890 924 Igitur
913 822 1012 911 huic,
1041 824 1071 897 si
1088 824 1127 897 in
1151 846 1163 897 ι

346 943 471 1017 fauces
490 938 695 1025 destillavit,
713 951 857 1037 praeter
869 962 924 1024 en,
940 962 1036 1036 quae
1053 959 1162 1035 supra

345 1057 445 1130 tinus
463 1054 588 1152 primis
605 1051 735 1126 diebus
752 1050 910 1124 multum
927 1049 1162 1125 ambulandur

346 1165 532 1241 fricandae
548 1164 786 1240 vehementer
809 1162 998 1238 inferiores
1014 1176 1157 1263 partes3

346 1281 399 1356 tio
416 1277 624 1354 adhibendo
646 1277 789 1352 thoraci
805 1279 885 1364 erit,
916 1275 1030 1351 levior
1046 1276 1162 1375 ospiti

348 1405 493 1466 assueto
510 1390 593 1464 cibo
617 1413 701 1488 pars
718 1388 893 1476 dimidia3
921 1389 1098 1464 sumenda
1113 1413 1161 1463 ov

348 1506 562 1604 similiaque,
595 1530 689 1604 quae
715 1506 884 1604 pituitam
909 1503 1050 1579 faciunt
1074 1528 1162 1577 crasi

349 1631 487 1706 contra,
501 1630 638 1717 quanta
648 1619 809 1692 maxima
820 1618 989 1692 sustineri
1001 1629 1131 1715 potest,
1146 1641 1163 1715 p

349 1732 426 1808 Ubi
444 1756 510 1831 per
535 1732 625 1806 haec
643 1731 797 1806 idoneus
825 1730 955 1828 aliquis
972 1729 1102 1804 balneo
1118 1728 1163 1803 fot

348 1871 436 1920 usus
454 1860 520 1933 est,
551 1844 779 1945 adjiciendus
804 1856 859 1919 est
876 1845 960 1917 cibo
984 1842 1163 1942 pisciculu

350 1961 404 2032 sic
422 1972 557 2044 tamen,
582 1983 629 2032 ne
647 1958 812 2056 protinus
830 1957 954 2055 justus
971 1956 1102 2030 modus
1119 1956 1163 2031 cil

349 2073 435 2145 vino
460 2095 606 2144 meraco
622 2071 805 2168 copiosius
831 2068 1009 2143 utendum
1029 2081 1095 2143 est.
1148 2075 1164 2142 l

351 2207 497 2257 monem
512 2207 659 2280 quoque
677 2181 848 2269 destillat,
868 2184 986 2256 multo
1003 2183 1118 2280 magis
1134 2195 1164 2254 et

351 2321 399 2370 ne
412 2308 451 2370 et
466 2293 635 2370 frictione
652 2320 743 2393 opus
762 2307 817 2368 est
831 2325 842 2385 ;
871 2294 1072 2392 eademque
1085 2292 1165 2369 adbi

351 2410 390 2483 in
408 2409 509 2495 cibis,
537 2409 567 2481 si
584 2432 658 2482 non
684 2409 769 2482 satis
786 2406 838 2481 illi
855 2407 1061 2506 proficiunt,
1087 2407 1165 2480 acri

353 2521 443 2595 dum
459 2533 539 2613 est;
562 2521 678 2620 magis
694 2544 822 2594 somno
838 2519 1117 2617 indulgendum,
1136 2517 1166 2592 al

354 2660 428 2734 que
445 2660 467 2708 a
482 2636 639 2732 negotiis
655 2635 846 2719 omnibus;
873 2631 1079 2731 aliquando,
1106 2631 1166 2706 sed

218 2791 271 2856 m·
293 2775 340 2823 su
356 2774 467 2823 neum
486 2749 713 2823 tentandum.
767 2747 811 2819 In
830 2747 1026 2844 gravedine
1052 2757 1167 2820 autem

264 2860 296 2891 ¹’
356 2864 555 2959 quiescere,
583 2886 702 2959 neque
720 2885 809 2946 esse,
837 2884 957 2957 neque
983 2860 1118 2946 bibere,
1146 2884 1167 2933 c

356 2974 481 3047 faucm
498 2974 580 3047 lana
598 2973 848 3048 circumdare:
874 2984 1018 3071 postero
1036 2971 1095 3044 die
1113 2997 1168 3046 sur

355 3109 443 3159 nere
460 3111 481 3156 a
498 3088 657 3183 potione,
678 3098 753 3172 aut,
773 3088 802 3158 si
820 3111 876 3159 res
894 3087 1067 3184 coegerit,
1090 3110 1165 3159 non

355 3221 441 3270 nam
458 3223 574 3295 aquae
591 3222 797 3272 assumere:
827 3201 934 3272 tertio
952 3199 1010 3273 die
1029 3202 1130 3298 panis
1156 3224 1168 3273 ι

355 3323 436 3385 tum
453 3335 500 3384 ex
518 3322 619 3408 parte
636 3311 806 3383 interiore
825 3335 910 3384 cum
928 3313 1115 3411 pisciculo,
1135 3338 1169 3387 vt

356 3448 510 3510 sumere,
538 3417 669 3520 aquam
696 3423 845 3496 bibere:
873 3426 903 3497 si
921 3427 1002 3523 quis
1028 3427 1095 3500 sibi
1112 3437 1169 3500 ten

355 3537 527 3638 potuerit,
547 3560 621 3634 quo
640 3536 757 3608 minus
774 3535 936 3634 pleniore
955 3540 1055 3612 victu
1073 3552 1170 3615 uun

357 3652 421 3725 ubi
437 3653 475 3723 in
493 3649 663 3724 balneum
678 3663 826 3723 ventum
842 3663 907 3737 est,
928 3650 1043 3726 multa
1060 3652 1170 3726 calidr

357 3777 396 3837 et
413 3789 453 3837 os
470 3764 594 3838 fovere
620 3788 737 3860 usque
754 3763 801 3836 ad
820 3765 1014 3838 sudorem:
1041 3780 1120 3840 tum
1137 3792 1171 3840 a(

357 3875 447 3949 dire.
500 3876 588 3950 Post
605 3901 698 3973 quae
716 3877 777 3948 vix
796 3877 873 3950 fieri
890 3891 1021 3975 potest,
1036 3891 1078 3953 ut
1094 3879 1172 3952 iden

359 3987 447 4061 dum
474 4002 641 4062 maneat:
672 3989 734 4061 sed
754 3990 783 4061 si
808 3993 990 4076 manserit,
1021 3991 1173 4066 utendur

358 4100 512 4198 frigidis,
532 4100 651 4188 aridiS,
680 4100 830 4189 levibus,
859 4103 1010 4177 humore
1029 4131 1137 4201 quam
1157 4131 1174 4179 n

357 4215 449 4289 vatis
467 4213 696 4288 frictionibus
714 4218 1120 4316 exercitationibusque,
1144 4245 1175 4318 qi

356 4327 419 4403 tali
436 4352 571 4426 genere
588 4327 807 4403 valetudinis
826 4333 1046 4405 necessariae
1065 4345 1160 4406 sunt.
