2858 5296
357 342 426 412 las
731 362 767 413 n.
788 363 899 414 conu.
919 363 1026 414 cuasr

353 536 815 635 corporisesseconsuevit.
861 537 984 637 Hujus
994 548 1124 612 autem
1141 535 1193 634 ips

191 697 316 748 „elifium
353 647 448 723 duae
461 660 579 724 sunt·
607 650 703 724 Nam
719 650 866 749 quidam
879 649 1108 750 imaginibus,
1120 672 1192 724 nou

188 768 322 882 mx?
352 762 502 854 luntur;
522 762 646 861 quales
656 764 895 839 insanientem
907 763 1062 863 Ajacem
1073 761 1131 836 vel
1142 759 1191 837 Or

189 847 282 949 Xan
353 877 492 975 cepisse
508 880 635 974 poetae
653 877 798 952 feruntt
825 877 973 976 quidam
990 877 1112 950 auimo
1129 874 1191 950 des

352 992 529 1089 imagines
551 988 694 1079 fallunt,
713 1005 799 1065 ante
825 992 947 1065 omnia
968 989 1170 1065 videndum

352 1128 399 1177 an
423 1103 554 1176 hilares
577 1104 659 1177 sint.
713 1104 757 1178 ln
783 1104 938 1191 tristitia,
966 1103 1111 1200 nigrum
1133 1125 1189 1176 ver

346 1215 517 1316 jectionis
541 1239 676 1305 causa3
704 1219 741 1289 in
768 1216 960 1302 hilaritate,
989 1214 1123 1299 album,
1153 1215 1189 1288 ai

352 1327 599 1413 excitandum,
628 1327 706 1401 dari
733 1328 866 1403 debet:
892 1328 1015 1426 idque,
1042 1327 1072 1400 si
1097 1329 1136 1400 in
1162 1351 1188 1425 p

351 1442 495 1538 accipit,
525 1442 611 1537 pani
637 1441 884 1540 adjiciendum
914 1455 980 1526 est,
1016 1463 1091 1537 quo
1115 1437 1188 1513 faci

351 1554 449 1629 Nam
467 1554 496 1627 si
513 1555 607 1627 bene
623 1579 662 1628 se
675 1554 894 1653 purgaverit,
914 1577 960 1626 ex
976 1575 1107 1650 magna
1119 1576 1188 1650 par

351 1665 496 1741 levabit.
549 1665 648 1764 Ergo
665 1669 775 1741 etiarn
800 1667 830 1739 si
857 1664 967 1739 semel
986 1663 1112 1739 datum
1130 1688 1187 1737 ver

351 1803 433 1852 rum
450 1777 657 1877 profecerit,
675 1780 890 1877 interposito
906 1793 1070 1876 tempore
1094 1777 1187 1850 iteru

351 1893 426 1966 bet
479 1891 611 1990 Neque
633 1894 800 1990 ignorare
830 1903 985 1989 oportet,
1014 1888 1186 1963 leviorem

352 2004 441 2076 burn
471 2027 556 2078 cum
570 2062 571 2067 ,
586 2006 670 2091 risu,
707 2029 817 2102 quarn
848 2004 943 2077 serio
972 2002 1187 2076 insanientiu

353 2141 500 2214 quoque
517 2131 733 2215 perpetuum
757 2130 813 2192 est
837 2119 874 2190 in
898 2118 1066 2191 omnibus
1094 2115 1186 2191 morl

353 2228 523 2303 inferiore
540 2241 642 2329 parte
659 2230 872 2329 purgandus
897 2230 1025 2328 aliquis
1050 2242 1117 2316 est,
1144 2253 1186 2305 ve

354 2356 439 2418 ante
456 2342 671 2418 solvendum
688 2368 767 2417 esse
782 2373 792 2433 ;
822 2344 884 2416 ubi
901 2368 921 2416 a
943 2343 1139 2441 superiore,
1164 2365 1187 2417 c

352 2459 452 2534 dum.
505 2459 543 2532 si
561 2483 646 2532 vero
663 2457 853 2532 consilium
867 2458 1107 2531 insanientem
1121 2454 1186 2530 fall

352 2576 398 2649 tis
416 2572 632 2671 quibusdam
658 2572 794 2670 optime
817 2583 976 2644 curatur.
1031 2569 1103 2644 Ubi
1126 2594 1185 2667 per

354 2687 443 2786 quid
473 2685 576 2770 dixit,
606 2697 670 2758 aut
697 2683 807 2775 fecit;
839 2681 945 2768 fame,
974 2682 1138 2767 vinculis,
1162 2707 1185 2780 p

355 2799 493 2873 cendus
511 2811 575 2872 est.
628 2797 826 2896 Cogendus
844 2809 898 2869 est
916 2807 954 2868 et
970 2795 1171 2881 attendere,

355 2910 502 3007 aliquid,
533 2923 571 2984 et
599 2912 830 2984 meminisse:
865 2909 916 2981 sic
944 2909 1041 2980 enim
1069 2907 1131 2981 liet
1159 2933 1185 2980 u

354 3037 453 3094 metu
468 3036 621 3118 cogatur
631 3024 869 3107 considerare,
890 3021 979 3119 quid
996 3019 1117 3094 faciat.
1152 3020 1185 3094 Sr

352 3137 490 3220 terreri,
522 3150 559 3208 θῖ
586 3160 827 3232 expavescere
852 3138 889 3207 in
913 3135 983 3208 hoc
1010 3136 1136 3207 morbo
1165 3160 1185 3232 p

352 3249 428 3323 fere
447 3247 625 3347 quidquid
642 3249 802 3320 animum
821 3248 1055 3322 vehementer
1072 3261 1185 3346 pertu:

353 3375 408 3437 est
435 3365 531 3436 enim
556 3360 733 3459 quaedam
761 3361 837 3433 lieri
866 3363 1031 3447 mutati0,
1059 3386 1186 3435 cuma

353 3501 466 3563 mena,
496 3476 533 3548 in
561 3497 634 3572 quo
658 3471 785 3560 fuerat,
813 3473 972 3547 abducta
989 3487 1054 3547 est.
1107 3472 1185 3547 lnte

350 3591 383 3662 is
401 3591 477 3688 ipse
495 3590 571 3662 sine
589 3611 697 3659 causa
715 3586 868 3659 subinde
886 3585 1012 3673 rideat,
1032 3611 1078 3659 an
1097 3611 1185 3660 moe:

351 3729 484 3800 susque
501 3704 571 3776 sit:
600 3724 683 3772 nam
709 3698 857 3773 demens
878 3699 1036 3773 hilaritas
1063 3701 1185 3773 terrori

351 3817 485 3912 quibus
504 3839 614 3913 supra
632 3811 719 3897 dixi,
740 3813 868 3886 melius
886 3825 1057 3886 curatur:
1086 3814 1112 3885 si
1132 3814 1186 3885 nir

351 3943 416 4015 est,
446 3929 592 4026 prodest
617 3926 718 4010 lenis,
748 3927 812 3999 sed
839 3927 952 4000 multa
976 3928 1031 4000 bis
1056 3927 1115 3999 die
1141 3925 1185 3999 fri

351 4066 417 4138 per
434 4057 545 4138 caput
558 4040 655 4136 ⁴aqua
671 4036 802 4135 frigida
820 4039 948 4125 inlirsa,
976 4040 1186 4136 demissum(

351 4157 536 4252 inaquam
564 4169 601 4227 et
625 4152 757 4226 oleum.
811 4152 878 4225 Illa
906 4154 1113 4227 communia
1138 4177 1187 4226 sur

386 4320 506 4374 aVarias
528 4319 644 4372 insaniae
665 4319 765 4390 speeies
790 4321 846 4373 suso
866 4338 897 4374 ac
922 4318 1056 4390 eleganter
1078 4320 1135 4373 linit
1159 4321 1187 4374 Cr

353 4409 460 4474 Quaest.
473 4403 509 4458 iii.
523 4409 547 4457 5.
561 4402 663 4474 passim.
