2858 5296
298 724 512 781 stammam
529 722 607 779 ara.
627 726 663 774 v.
930 704 1005 788 w

89 914 188 983 rest·
238 898 334 983 Sunt
348 901 448 977 enim
472 922 520 977 ex
537 897 815 977 vehementibus
841 898 998 975 medica·

101 1024 144 1093 at
160 1012 350 1097 stomacho
365 1012 504 1095 alienia
555 1010 714 1089 Prodest
736 1024 859 1091 umen
886 1014 997 1091 etism

89 1128 330 1231 coquendum,
345 1128 448 1231 quod
463 1128 576 1211 babet
602 1130 793 1231 papaveris
815 1126 1162 1220 bmimsernaaop

89 1242 412 1344 ‚magnilocump
438 1272 486 1331 κ.
503 1270 530 1321 ι.
546 1240 727 1345 myrrhae,
753 1244 920 1332 emtorei,
944 1224 1071 1343 pis*

89 1356 299 1457 ungulorum
321 1380 359 1457 p
389 1385 443 1444 χ.
473 1382 515 1433 ιι.
545 1380 593 1433 ex
619 1356 764 1455 quibus,
794 1354 898 1456 quod
923 1354 1001 1431 ervi

89 1468 244 1551 udinem
260 1467 383 1559 babet,
400 1470 487 1547 satis
503 1479 559 1549 est
574 1466 776 1547 devorasse.

89 1580 247 1673 iterum,
265 1582 455 1661 stomacho
470 1580 586 1687 pejus,
612 1580 660 1663 ad
679 1604 850 1659 somnum
877 1578 999 1659 valen
1006 1602 1162 1659 arm

89 1694 171 1775 :bis
185 1695 253 1773 fis·
280 1694 595 1824 mandragoraep.
617 1723 663 1783 κ.
653 1738 732 1773 ...-..
749 1696 823 1796 apii
839 1672 1108 1783 eminam

89 1808 265 1909 rnacyami
280 1808 437 1896 seminis.
464 1807 998 1909 singulorump.><.1v.quae

89 1933 294 2007 iterantur.
345 1920 473 2001 Unum
489 1933 613 2001 autem
637 1918 799 2023 ejusdem
816 1923 998 2021 magnitu-

89 2058 169 2137 με
183 2058 296 2134 supra
310 2035 428 2134 posita
443 2046 509 2122 est,
527 2032 675 2109 abunde
690 2045 747 2113 ast
760 2035 939 2111 sumsisse.

89 2150 147 2229 lae
161 2159 286 2225 sutem
313 2148 442 2247 capitis
467 2146 622 2235 dolores,
652 2146 728 2223 sive
756 2144 890 2235 ulcera,
919 2146 1159 2229 sinerem

89 2250 240 2349 dadae
258 2259 399 2349 dentes,
429 2260 506 2337 sive
521 2259 668 2361 spiritus
691 2256 894 2347 difficultas,
920 2260 997 2337 sire

89 2396 200 2465 mam
217 2384 410 2461 tormenta,
435 2374 511 2449 sive
528 2370 765 2449 inflammatio
779 2370 911 2449 vulvae
926 2384 997 2462 ast,

89 2510 144 2577 n,
161 2486 240 2563 sive
250 2484 371 2585 jecur,
399 2497 465 2561 aut
479 2484 595 2575 lienis,
622 2504 688 2563 aut
714 2484 808 2563 latus
836 2498 994 2589 torquet,

89 2598 135 2679 no
151 2596 319 2675 locorum
336 2596 458 2697 aliqua
472 2597 671 2698 prolabitur
698 2610 737 2676 et
764 2600 994 2691 obmutescit,

89 2726 103 2791 t
127 2709 250 2787 dolori
276 2736 342 2810 per
369 2713 528 2813 quietem
557 2712 737 2815 ejusmodi
762 2717 996 2813 catapotium.

89 2826 170 2911 rori,
186 2837 295 2899 rutae
325 2822 507 2898 silvestris·
536 2827 691 2912 seminis,
717 2824 944 2924 singulorum
960 2851 997 2925 p.
1007 2847 1141 2914 snoayna

89 2938 226 3025 ntorei,
241 2937 471 3025 cinnamomi,
482 2938 708 3037 singulorum
720 2963 757 3036 p.
775 2967 822 3026 χ.
835 2961 877 3013 ιι.
891 2961 1002 3038 papa·

89 3053 245 3137 crimaa
263 3051 412 3149 panacis
435 3049 578 3138 radicis,
605 3049 866 3149 mandragorae
890 3049 1003 3125 malo·

89 3162 249 3248 idorum,
273 3161 379 3262 junci
403 3162 551 3239 rotundi
577 3162 686 3252 floris,
717 3161 943 3263 singulorum
963 3188 999 3264 p.

90 3278 236 3381 piperis
252 3299 368 3374 grana
382 3298 456 3351 avr.
484 3276 591 3353 Haec
608 3300 674 3376 per
689 3300 728 3353 se
741 3277 906 3366 contrita,
924 3302 1001 3352 rur·

89 3388 204 3469 tiliato
222 3387 377 3464 subinde
404 3414 509 3488 passo
535 3389 643 3465 simul
671 3391 793 3469 omnis
819 3401 998 3482 teruntur,

89 3500 293 3579 crassitudo
309 3500 467 3576 sordium
483 3503 557 3578 fiat.
608 3501 668 3578 Ex
694 3527 739 3579 eo
769 3503 920 3604 paulum
935 3517 1000 3582 aut

89 3626 160 3703 tur,
178 3626 245 3689 aut
263 3638 359 3713 aqua
375 3613 533 3704 diluitur,
552 3627 592 3693 et
606 3616 712 3717 potui
727 3615 844 3695 datur.

89 3728 168 3821 lain
185 3727 299 3801 etiam
316 3725 483 3803 silvestris
504 3731 719 3829 papaveris,b
747 3754 833 3805 cum
856 3729 935 3830 jam
950 3729 1131 3818 adama,

89 3840 209 3917 udam
226 3839 412 3920 lacrimam
429 3854 609 3917 maturum
622 3854 687 3931 est,
699 3840 918 3942 manipulus,
937 3843 1001 3940 qui

94 3952 364 4053 comprehendi
390 3965 518 4051 potest,
548 3955 589 4028 in
615 3979 679 4029 vas
712 3953 927 4039 demittitur,
963 3966 1002 4029 et

89 4064 277 4149 dunditur
288 4090 393 4165 aqua,
406 4091 497 4165 quae
507 4066 546 4141 id
557 4081 739 4164 contegat,
751 4078 863 4165 atque
879 4066 930 4142 ita
940 4091 1002 4143 oo-

89 4232 95 4253 .
145 4177 225 4256 Ubi
235 4178 314 4280 jam
331 4179 424 4255 bene
439 4179 644 4280 manipulus
659 4181 691 4255 is
708 4192 837 4255 coctus
853 4192 919 4269 est,
937 4182 1002 4257 ibi-

89 4314 256 4393 spresaus
271 4290 470 4391 projicitur,
488 4307 527 4368 et
538 4316 622 4367 cum
633 4317 678 4368 eo
688 4293 841 4367 humore
856 4316 1002 4393 passum

89 4428 224 4481 ausura
239 4406 422 4493 miscetur,
439 4403 678 4505 inferretque,
704 4405 822 4481 donec
838 4409 1003 4483 crassitu-

95 4515 260 4593 sordium
277 4515 418 4590 babeat
470 4515 566 4592 Cum
585 4516 734 4606 infrixir,
759 4520 939 4619 catapotia
955 4546 1000 4596 ex

98 4718 114 4747 ⁸
129 4714 219 4771 naua
229 4713 415 4788 graveolentis,
426 4722 455 4770 et
465 4723 614 4781 montanae,
626 4716 658 4772 L.
694 4715 772 4771 Pana
785 4715 801 4771 i.
814 4719 875 4773 464.

98 4797 115 4837 ὓ
132 4799 274 4872 Papaveris
285 4798 419 4855 Rboesdis
430 4825 455 4863 a,
469 4807 494 4863 a,
507 4823 533 4865 ιι
545 4800 576 4854 1.
