<?xml version="1.0" encoding="UTF-8"?>
<!DOCTYPE html PUBLIC "-//W3C//DTD XHTML 1.0 Transitional//EN"
    "http://www.w3.org/TR/xhtml1/DTD/xhtml1-transitional.dtd">
<html xmlns="http://www.w3.org/1999/xhtml" xml:lang="en" lang="en">
 <head>
  <title>
</title>
<meta http-equiv="Content-Type" content="text/html;charset=utf-8" />
  <meta name='ocr-system' content='tesseract 3.04.00' />
  <meta name='ocr-capabilities' content='ocr_page ocr_carea ocr_par ocr_line ocrx_word'/>
</head>
<body>
  <div class='ocr_page' id='page_1' title='image "acorncelsimedic00targgoog_0139.png"; bbox 0 0 2858 5296; ppageno 0'>
   <div class='ocr_carea' id='block_1_1' title="bbox 328 366 1022 435">
    <p class='ocr_par' dir='ltr' id='par_1_1' title="bbox 328 366 1022 435">
     <span class='ocr_line' id='line_1_1' title="bbox 328 366 1022 435; baseline -0.006 0"><span class='ocrx_word' id='word_1_1' title='bbox 328 366 399 435; x_wconf 90' lang='lat'><strong>118</strong></span> <span class='ocrx_word' id='word_1_2' title='bbox 725 382 760 431; x_wconf 76' lang='lat' dir='ltr'><strong>a.</strong></span> <span class='ocrx_word' id='word_1_3' title='bbox 780 382 893 432; x_wconf 75' lang='lat' dir='ltr'><strong>cour.</strong></span> <span class='ocrx_word' id='word_1_4' title='bbox 914 378 1022 434; x_wconf 79' lang='lat' dir='ltr'><strong>cmm</strong></span> 
     </span>
    </p>
   </div>
   <div class='ocr_carea' id='block_1_2' title="bbox 157 551 1233 2564">
    <p class='ocr_par' dir='ltr' id='par_1_2' title="bbox 326 551 1233 882">
     <span class='ocr_line' id='line_1_2' title="bbox 326 551 1233 656; baseline -0.001 -24"><span class='ocrx_word' id='word_1_5' title='bbox 326 558 508 632; x_wconf 90' lang='lat' dir='ltr'><strong>neminem</strong></span> <span class='ocrx_word' id='word_1_6' title='bbox 515 554 685 656; x_wconf 86' lang='lat' dir='ltr'><strong>jugulat:</strong></span> <span class='ocrx_word' id='word_1_7' title='bbox 713 555 778 630; x_wconf 89' lang='lat' dir='ltr'><strong>sed</strong></span> <span class='ocrx_word' id='word_1_8' title='bbox 795 556 824 630; x_wconf 93' lang='lat' dir='ltr'><strong>si</strong></span> <span class='ocrx_word' id='word_1_9' title='bbox 842 579 889 630; x_wconf 88' lang='lat' dir='ltr'><strong>ex</strong></span> <span class='ocrx_word' id='word_1_10' title='bbox 906 580 950 632; x_wconf 86' lang='lat' dir='ltr'><strong>ea</strong></span> <span class='ocrx_word' id='word_1_11' title='bbox 966 555 1063 631; x_wconf 83' lang='lat' dir='ltr'><strong>facta</strong></span> <span class='ocrx_word' id='word_1_12' title='bbox 1078 551 1233 654; x_wconf 87' lang='lat' dir='ltr'><strong>quotidlr</strong></span> 
     </span>
     <span class='ocr_line' id='line_1_3' title="bbox 330 666 1233 768; baseline 0.001 -25"><span class='ocrx_word' id='word_1_13' title='bbox 330 671 365 743; x_wconf 89' lang='lat' dir='ltr'><strong>in</strong></span> <span class='ocrx_word' id='word_1_14' title='bbox 383 669 485 745; x_wconf 86' lang='lat' dir='ltr'><strong>malis</strong></span> <span class='ocrx_word' id='word_1_15' title='bbox 501 693 611 768; x_wconf 85' lang='lat' dir='ltr'>aeger</span> <span class='ocrx_word' id='word_1_16' title='bbox 626 681 704 745; x_wconf 89' lang='lat' dir='ltr'><strong>est:</strong></span> <span class='ocrx_word' id='word_1_17' title='bbox 732 669 831 768; x_wconf 91' lang='lat' dir='ltr'><strong>quod</strong></span> <span class='ocrx_word' id='word_1_18' title='bbox 844 681 978 763; x_wconf 79' lang='lat' dir='ltr'><strong>tamen,</strong></span> <span class='ocrx_word' id='word_1_19' title='bbox 993 669 1062 743; x_wconf 86' lang='lat' dir='ltr'><strong>nisi</strong></span> <span class='ocrx_word' id='word_1_20' title='bbox 1080 666 1233 767; x_wconf 77' lang='lat' dir='ltr'><strong>culpam</strong></span> 
     </span>
     <span class='ocr_line' id='line_1_4' title="bbox 328 782 844 882; baseline -0.008 -23"><span class='ocrx_word' id='word_1_21' title='bbox 328 783 387 859; x_wconf 91' lang='lat' dir='ltr'><strong>vel</strong></span> <span class='ocrx_word' id='word_1_22' title='bbox 404 784 574 871; x_wconf 82' lang='lat' dir='ltr'><strong>curantis,</strong></span> <span class='ocrx_word' id='word_1_23' title='bbox 589 807 776 882; x_wconf 87' lang='lat' dir='ltr'><strong>nunquam</strong></span> <span class='ocrx_word' id='word_1_24' title='bbox 793 782 844 856; x_wconf 86' lang='lat' dir='ltr'><strong>lit.</strong></span> 
     </span>
    </p>

    <p class='ocr_par' dir='ltr' id='par_1_3' title="bbox 165 894 1233 1025">
     <span class='ocr_line' id='line_1_5' title="bbox 165 894 1233 1025; baseline -0.004 -53"><span class='ocrx_word' id='word_1_25' title='bbox 165 895 322 1025; x_wconf 47' lang='grc' dir='ltr'><strong>333ηὲ</strong></span> <span class='ocrx_word' id='word_1_26' title='bbox 378 894 488 971; x_wconf 90' lang='lat' dir='ltr'><strong>XVI.</strong></span> <span class='ocrx_word' id='word_1_27' title='bbox 516 895 571 971; x_wconf 88' lang='lat' dir='ltr'><strong>At</strong></span> <span class='ocrx_word' id='word_1_28' title='bbox 587 898 616 969; x_wconf 88' lang='lat' dir='ltr'><strong>si</strong></span> <span class='ocrx_word' id='word_1_29' title='bbox 634 894 728 969; x_wconf 85' lang='lat' dir='ltr'>duae</span> <span class='ocrx_word' id='word_1_30' title='bbox 745 909 942 994; x_wconf 80' lang='lat' dir='ltr'><strong>quartanae</strong></span> <span class='ocrx_word' id='word_1_31' title='bbox 953 905 1049 983; x_wconf 87' lang='lat' dir='ltr'><strong>sunt,</strong></span> <span class='ocrx_word' id='word_1_32' title='bbox 1064 916 1233 994; x_wconf 71' lang='lat' dir='ltr'><strong>nequeo·</strong></span> 
     </span>
    </p>

    <p class='ocr_par' dir='ltr' id='par_1_4' title="bbox 166 1007 1232 2465">
     <span class='ocr_line' id='line_1_6' title="bbox 166 1007 1209 1109; baseline 0.005 -31"><span class='ocrx_word' id='word_1_33' title='bbox 166 1028 238 1079; x_wconf 68' lang='lat' dir='ltr'><strong>neu</strong></span> <span class='ocrx_word' id='word_1_34' title='bbox 328 1011 511 1109; x_wconf 88' lang='lat' dir='ltr'><strong>proposui,</strong></span> <span class='ocrx_word' id='word_1_35' title='bbox 538 1009 817 1083; x_wconf 77' lang='lat' dir='ltr'><strong>exercitationes</strong></span> <span class='ocrx_word' id='word_1_36' title='bbox 842 1007 1006 1083; x_wconf 88' lang='lat' dir='ltr'><strong>adhiberi</strong></span> <span class='ocrx_word' id='word_1_37' title='bbox 1029 1020 1209 1106; x_wconf 71' lang='lat' dir='ltr'><strong>possunt,</strong></span> 
     </span>
     <span class='ocr_line' id='line_1_7' title="bbox 325 1120 1226 1222; baseline -0.003 -24"><span class='ocrx_word' id='word_1_38' title='bbox 325 1135 406 1198; x_wconf 90' lang='lat' dir='ltr'><strong>toto</strong></span> <span class='ocrx_word' id='word_1_39' title='bbox 422 1124 609 1222; x_wconf 86' lang='lat' dir='ltr'><strong>quiescere</strong></span> <span class='ocrx_word' id='word_1_40' title='bbox 625 1144 717 1219; x_wconf 92' lang='lat' dir='ltr'><strong>opus</strong></span> <span class='ocrx_word' id='word_1_41' title='bbox 734 1134 799 1207; x_wconf 89' lang='lat' dir='ltr'><strong>est,</strong></span> <span class='ocrx_word' id='word_1_42' title='bbox 812 1133 887 1208; x_wconf 84' lang='lat' dir='ltr'><strong>aut,</strong></span> <span class='ocrx_word' id='word_1_43' title='bbox 902 1123 932 1195; x_wconf 90' lang='lat' dir='ltr'><strong>si</strong></span> <span class='ocrx_word' id='word_1_44' title='bbox 944 1122 983 1194; x_wconf 94' lang='lat' dir='ltr'><strong>id</strong></span> <span class='ocrx_word' id='word_1_45' title='bbox 997 1120 1144 1196; x_wconf 88' lang='lat' dir='ltr'><strong>difficile</strong></span> <span class='ocrx_word' id='word_1_46' title='bbox 1157 1132 1226 1208; x_wconf 84' lang='lat' dir='ltr'><strong>est,</strong></span> 
     </span>
     <span class='ocr_line' id='line_1_8' title="bbox 325 1230 1232 1332; baseline -0.001 -22"><span class='ocrx_word' id='word_1_47' title='bbox 325 1234 534 1326; x_wconf 89' lang='lat' dir='ltr'><strong>ambulare;</strong></span> <span class='ocrx_word' id='word_1_48' title='bbox 563 1233 752 1309; x_wconf 89' lang='lat' dir='ltr'><strong>considere</strong></span> <span class='ocrx_word' id='word_1_49' title='bbox 768 1233 963 1332; x_wconf 80' lang='lat' dir='ltr'><strong>dlligenter</strong></span> <span class='ocrx_word' id='word_1_50' title='bbox 979 1234 1151 1309; x_wconf 89' lang='lat' dir='ltr'><strong>involutis</strong></span> <span class='ocrx_word' id='word_1_51' title='bbox 1168 1230 1232 1332; x_wconf 80' lang='lat' dir='ltr'><strong>ped</strong></span> 
     </span>
     <span class='ocr_line' id='line_1_9' title="bbox 325 1345 1230 1448; baseline -0.002 -25"><span class='ocrx_word' id='word_1_52' title='bbox 325 1350 470 1448; x_wconf 88' lang='lat' dir='ltr'><strong>capite;</strong></span> <span class='ocrx_word' id='word_1_53' title='bbox 498 1347 639 1446; x_wconf 91' lang='lat' dir='ltr'><strong>quoties</strong></span> <span class='ocrx_word' id='word_1_54' title='bbox 656 1345 766 1421; x_wconf 91' lang='lat' dir='ltr'><strong>febris</strong></span> <span class='ocrx_word' id='word_1_55' title='bbox 783 1349 935 1422; x_wconf 87' lang='lat' dir='ltr'><strong>accessit</strong></span> <span class='ocrx_word' id='word_1_56' title='bbox 951 1359 989 1422; x_wconf 88' lang='lat' dir='ltr'><strong>ct</strong></span> <span class='ocrx_word' id='word_1_57' title='bbox 1005 1347 1123 1434; x_wconf 84' lang='lat' dir='ltr'><strong>desiit,</strong></span> <span class='ocrx_word' id='word_1_58' title='bbox 1151 1347 1230 1421; x_wconf 87' lang='lat' dir='ltr'><strong>cibn</strong></span> 
     </span>
     <span class='ocr_line' id='line_1_10' title="bbox 325 1460 1228 1560; baseline -0.003 -25"><span class='ocrx_word' id='word_1_59' title='bbox 325 1461 450 1536; x_wconf 90' lang='lat' dir='ltr'><strong>dicum</strong></span> <span class='ocrx_word' id='word_1_60' title='bbox 475 1483 629 1547; x_wconf 88' lang='lat' dir='ltr'><strong>sumere,</strong></span> <span class='ocrx_word' id='word_1_61' title='bbox 657 1472 696 1534; x_wconf 89' lang='lat' dir='ltr'><strong>et</strong></span> <span class='ocrx_word' id='word_1_62' title='bbox 731 1461 884 1550; x_wconf 82' lang='lat' dir='ltr'><strong>vinum3</strong></span> <span class='ocrx_word' id='word_1_63' title='bbox 920 1460 1062 1560; x_wconf 88' lang='lat' dir='ltr'><strong>reliquo</strong></span> <span class='ocrx_word' id='word_1_64' title='bbox 1097 1472 1228 1559; x_wconf 76' lang='lat' dir='ltr'><strong>tempu</strong></span> 
     </span>
     <span class='ocr_line' id='line_1_11' title="bbox 323 1572 1225 1672; baseline 0 -24"><span class='ocrx_word' id='word_1_65' title='bbox 323 1572 552 1649; x_wconf 83' lang='lat' dir='ltr'><strong>imbecillitas</strong></span> <span class='ocrx_word' id='word_1_66' title='bbox 578 1586 696 1672; x_wconf 77' lang='lat' dir='ltr'><strong>urget,</strong></span> <span class='ocrx_word' id='word_1_67' title='bbox 731 1572 923 1647; x_wconf 87' lang='lat' dir='ltr'><strong>abstinere.</strong></span> <span class='ocrx_word' id='word_1_68' title='bbox 977 1572 1032 1646; x_wconf 86' lang='lat' dir='ltr'><strong>At</strong></span> <span class='ocrx_word' id='word_1_69' title='bbox 1065 1574 1095 1646; x_wconf 90' lang='lat' dir='ltr'><strong>si</strong></span> <span class='ocrx_word' id='word_1_70' title='bbox 1129 1572 1225 1648; x_wconf 82' lang='lat' dir='ltr'><strong>duae</strong></span> 
     </span>
     <span class='ocr_line' id='line_1_12' title="bbox 320 1685 1225 1787; baseline -0.001 -25"><span class='ocrx_word' id='word_1_71' title='bbox 320 1711 439 1786; x_wconf 86' lang='lat' dir='ltr'><strong>paene</strong></span> <span class='ocrx_word' id='word_1_72' title='bbox 466 1685 687 1787; x_wconf 88' lang='lat' dir='ltr'><strong>junguntur,</strong></span> <span class='ocrx_word' id='word_1_73' title='bbox 722 1698 805 1785; x_wconf 92' lang='lat' dir='ltr'><strong>post</strong></span> <span class='ocrx_word' id='word_1_74' title='bbox 838 1699 1030 1784; x_wconf 88' lang='lat' dir='ltr'><strong>utramque</strong></span> <span class='ocrx_word' id='word_1_75' title='bbox 1055 1686 1225 1761; x_wconf 74' lang='lat' dir='ltr'><strong>cibum·</strong></span> 
     </span>
     <span class='ocr_line' id='line_1_13' title="bbox 322 1798 1194 1898; baseline -0.002 -24"><span class='ocrx_word' id='word_1_76' title='bbox 322 1799 456 1876; x_wconf 91' lang='lat' dir='ltr'><strong>deinde</strong></span> <span class='ocrx_word' id='word_1_77' title='bbox 472 1824 592 1875; x_wconf 87' lang='lat' dir='ltr'><strong>vacuo</strong></span> <span class='ocrx_word' id='word_1_78' title='bbox 615 1812 789 1898; x_wconf 91' lang='lat' dir='ltr'><strong>tempore,</strong></span> <span class='ocrx_word' id='word_1_79' title='bbox 820 1812 858 1875; x_wconf 92' lang='lat' dir='ltr'><strong>ct</strong></span> <span class='ocrx_word' id='word_1_80' title='bbox 883 1801 1022 1875; x_wconf 87' lang='lat' dir='ltr'><strong>moveri</strong></span> <span class='ocrx_word' id='word_1_81' title='bbox 1047 1798 1194 1897; x_wconf 88' lang='lat' dir='ltr'><strong>aliquid,</strong></span> 
     </span>
     <span class='ocr_line' id='line_1_14' title="bbox 321 1912 1222 2010; baseline 0 -23"><span class='ocrx_word' id='word_1_82' title='bbox 321 1917 532 1990; x_wconf 91' lang='lat' dir='ltr'><strong>unctionem</strong></span> <span class='ocrx_word' id='word_1_83' title='bbox 544 1913 627 1988; x_wconf 91' lang='lat' dir='ltr'><strong>cibo</strong></span> <span class='ocrx_word' id='word_1_84' title='bbox 640 1915 705 1987; x_wconf 92' lang='lat' dir='ltr'><strong>uti.</strong></span> <span class='ocrx_word' id='word_1_85' title='bbox 760 1912 855 1987; x_wconf 91' lang='lat' dir='ltr'><strong>Cum</strong></span> <span class='ocrx_word' id='word_1_86' title='bbox 874 1937 961 1987; x_wconf 90' lang='lat' dir='ltr'><strong>vero</strong></span> <span class='ocrx_word' id='word_1_87' title='bbox 976 1923 1080 1987; x_wconf 86' lang='lat' dir='ltr'><strong>vetus</strong></span> <span class='ocrx_word' id='word_1_88' title='bbox 1091 1923 1222 2010; x_wconf 71' lang='lat' dir='ltr'><strong>quarta</strong></span> 
     </span>
     <span class='ocr_line' id='line_1_15' title="bbox 319 2026 1220 2124; baseline -0.001 -24"><span class='ocrx_word' id='word_1_89' title='bbox 319 2029 389 2102; x_wconf 90' lang='lat' dir='ltr'><strong>nisi</strong></span> <span class='ocrx_word' id='word_1_90' title='bbox 405 2052 501 2115; x_wconf 88' lang='lat' dir='ltr'><strong>vere,</strong></span> <span class='ocrx_word' id='word_1_91' title='bbox 513 2026 694 2110; x_wconf 87' lang='lat' dir='ltr'><strong>solvatur;</strong></span> <span class='ocrx_word' id='word_1_92' title='bbox 720 2026 848 2123; x_wconf 91' lang='lat' dir='ltr'><strong>utique</strong></span> <span class='ocrx_word' id='word_1_93' title='bbox 866 2051 911 2100; x_wconf 89' lang='lat' dir='ltr'><strong>eo</strong></span> <span class='ocrx_word' id='word_1_94' title='bbox 928 2038 1091 2124; x_wconf 82' lang='lat' dir='ltr'><strong>tempore</strong></span> <span class='ocrx_word' id='word_1_95' title='bbox 1108 2037 1220 2100; x_wconf 77' lang='lat' dir='ltr'><strong>attens</strong></span> 
     </span>
     <span class='ocr_line' id='line_1_16' title="bbox 319 2137 1219 2237; baseline -0.001 -22"><span class='ocrx_word' id='word_1_96' title='bbox 319 2153 385 2228; x_wconf 83' lang='lat' dir='ltr'><strong>est,</strong></span> <span class='ocrx_word' id='word_1_97' title='bbox 404 2164 451 2214; x_wconf 91' lang='lat' dir='ltr'><strong>ne</strong></span> <span class='ocrx_word' id='word_1_98' title='bbox 468 2139 557 2237; x_wconf 93' lang='lat' dir='ltr'><strong>quid</strong></span> <span class='ocrx_word' id='word_1_99' title='bbox 573 2137 646 2223; x_wconf 83' lang='lat' dir='ltr'><strong>fiat,</strong></span> <span class='ocrx_word' id='word_1_100' title='bbox 666 2137 767 2235; x_wconf 89' lang='lat' dir='ltr'><strong>quod</strong></span> <span class='ocrx_word' id='word_1_101' title='bbox 783 2138 1031 2212; x_wconf 89' lang='lat' dir='ltr'><strong>valetudinem</strong></span> <span class='ocrx_word' id='word_1_102' title='bbox 1044 2137 1219 2237; x_wconf 79' lang='lat' dir='ltr'><strong>impediat</strong></span> 
     </span>
     <span class='ocr_line' id='line_1_17' title="bbox 320 2249 1217 2353; baseline -0.001 -26"><span class='ocrx_word' id='word_1_103' title='bbox 320 2253 474 2353; x_wconf 87' lang='lat' dir='ltr'><strong>destque</strong></span> <span class='ocrx_word' id='word_1_104' title='bbox 490 2254 528 2324; x_wconf 90' lang='lat' dir='ltr'><strong>in</strong></span> <span class='ocrx_word' id='word_1_105' title='bbox 547 2262 668 2325; x_wconf 89' lang='lat' dir='ltr'><strong>vetere</strong></span> <span class='ocrx_word' id='word_1_106' title='bbox 690 2264 876 2350; x_wconf 86' lang='lat' dir='ltr'><strong>quartana,</strong></span> <span class='ocrx_word' id='word_1_107' title='bbox 903 2265 1044 2326; x_wconf 88' lang='lat' dir='ltr'><strong>mutare</strong></span> <span class='ocrx_word' id='word_1_108' title='bbox 1069 2249 1217 2326; x_wconf 75' lang='lat' dir='ltr'><strong>subinde</strong></span> 
     </span>
     <span class='ocr_line' id='line_1_18' title="bbox 319 2363 1215 2465; baseline -0.002 -25"><span class='ocrx_word' id='word_1_109' title='bbox 319 2390 437 2465; x_wconf 86' lang='lat' dir='ltr'><strong>genus</strong></span> <span class='ocrx_word' id='word_1_110' title='bbox 452 2395 463 2457; x_wconf 69' lang='grc' dir='ltr'>ς</span> <span class='ocrx_word' id='word_1_111' title='bbox 491 2390 513 2439; x_wconf 90' lang='lat' dir='ltr'><strong>a</strong></span> <span class='ocrx_word' id='word_1_112' title='bbox 528 2365 614 2438; x_wconf 93' lang='lat' dir='ltr'><strong>vino</strong></span> <span class='ocrx_word' id='word_1_113' title='bbox 630 2363 678 2437; x_wconf 88' lang='lat' dir='ltr'><strong>ad</strong></span> <span class='ocrx_word' id='word_1_114' title='bbox 694 2388 836 2462; x_wconf 90' lang='lat' dir='ltr'><strong>aquam,</strong></span> <span class='ocrx_word' id='word_1_115' title='bbox 856 2366 901 2438; x_wconf 89' lang='lat' dir='ltr'><strong>ab</strong></span> <span class='ocrx_word' id='word_1_116' title='bbox 916 2390 1010 2464; x_wconf 87' lang='lat' dir='ltr'><strong>aqua</strong></span> <span class='ocrx_word' id='word_1_117' title='bbox 1022 2364 1070 2438; x_wconf 91' lang='lat' dir='ltr'><strong>ad</strong></span> <span class='ocrx_word' id='word_1_118' title='bbox 1086 2366 1215 2451; x_wconf 82' lang='lat' dir='ltr'><strong>vinum</strong></span> 
     </span>
    </p>

    <p class='ocr_par' dir='ltr' id='par_1_5' title="bbox 157 2476 1214 2564">
     <span class='ocr_line' id='line_1_19' title="bbox 157 2476 1214 2564; baseline 0.003 -17"><span class='ocrx_word' id='word_1_119' title='bbox 157 2496 274 2547; x_wconf 61' lang='lat' dir='ltr'><strong>murae</strong></span> <span class='ocrx_word' id='word_1_120' title='bbox 322 2481 391 2554; x_wconf 89' lang='lat' dir='ltr'><strong>bus</strong></span> <span class='ocrx_word' id='word_1_121' title='bbox 408 2480 497 2554; x_wconf 85' lang='lat' dir='ltr'><strong>cibis</strong></span> <span class='ocrx_word' id='word_1_122' title='bbox 515 2476 561 2551; x_wconf 87' lang='lat' dir='ltr'><strong>ad</strong></span> <span class='ocrx_word' id='word_1_123' title='bbox 578 2501 689 2564; x_wconf 88' lang='lat' dir='ltr'><strong>acres,</strong></span> <span class='ocrx_word' id='word_1_124' title='bbox 708 2481 754 2550; x_wconf 87' lang='lat' dir='ltr'><strong>ab</strong></span> <span class='ocrx_word' id='word_1_125' title='bbox 772 2479 915 2551; x_wconf 90' lang='lat' dir='ltr'><strong>acribus</strong></span> <span class='ocrx_word' id='word_1_126' title='bbox 928 2479 975 2551; x_wconf 89' lang='lat' dir='ltr'><strong>ad</strong></span> <span class='ocrx_word' id='word_1_127' title='bbox 986 2477 1085 2552; x_wconf 89' lang='lat' dir='ltr'><strong>lenes</strong></span> <span class='ocrx_word' id='word_1_128' title='bbox 1097 2477 1214 2551; x_wconf 75' lang='lat' dir='ltr'><strong>transit</strong></span> 
     </span>
    </p>
   </div>
   <div class='ocr_carea' id='block_1_3' title="bbox 155 2566 1212 2690">
    <p class='ocr_par' dir='ltr' id='par_1_6' title="bbox 155 2566 1212 2690">
     <span class='ocr_line' id='line_1_20' title="bbox 155 2566 1150 2615; baseline -0.009 -2"><span class='ocrx_word' id='word_1_129' title='bbox 155 2566 206 2614; x_wconf 74' lang='lat' dir='ltr'><strong>line</strong></span> <span class='ocrx_word' id='word_1_130' title='bbox 216 2569 308 2615; x_wconf 82' lang='lat' dir='ltr'><strong>Anno·</strong></span> <span class='ocrx_word' id='word_1_131' title='bbox 392 2595 400 2611; x_wconf 83' lang='lat'><strong>·</strong></span> <span class='ocrx_word' id='word_1_132' title='bbox 577 2593 584 2607; x_wconf 86' lang='lat'><strong>·</strong></span> <span class='ocrx_word' id='word_1_133' title='bbox 901 2591 908 2605; x_wconf 89' lang='lat'><strong>.</strong></span> <span class='ocrx_word' id='word_1_134' title='bbox 1143 2592 1150 2604; x_wconf 96' lang='lat'><strong>.</strong></span> 
     </span>
     <span class='ocr_line' id='line_1_21' title="bbox 155 2589 1212 2690; baseline -0.009 -19"><span class='ocrx_word' id='word_1_135' title='bbox 155 2632 288 2682; x_wconf 52' lang='lat' dir='ltr'><strong>mm„</strong></span> <span class='ocrx_word' id='word_1_136' title='bbox 324 2593 496 2680; x_wconf 79' lang='lat' dir='ltr'><strong>radicem,</strong></span> <span class='ocrx_word' id='word_1_137' title='bbox 528 2591 660 2665; x_wconf 88' lang='lat' dir='ltr'><strong>demde</strong></span> <span class='ocrx_word' id='word_1_138' title='bbox 689 2615 861 2682; x_wconf 90' lang='lat' dir='ltr'><strong>vomere;</strong></span> <span class='ocrx_word' id='word_1_139' title='bbox 893 2616 1024 2690; x_wconf 82' lang='lat' dir='ltr'><strong>Jureve</strong></span> <span class='ocrx_word' id='word_1_140' title='bbox 1062 2589 1153 2689; x_wconf 88' lang='lat' dir='ltr'><strong>pullr</strong></span> <span class='ocrx_word' id='word_1_141' title='bbox 1176 2615 1212 2688; x_wconf 77' lang='lat' dir='ltr'><strong>gs</strong></span> 
     </span>
    </p>
   </div>
   <div class='ocr_carea' id='block_1_4' title="bbox 154 2690 1211 2827">
    <p class='ocr_par' dir='ltr' id='par_1_7' title="bbox 154 2690 1211 2827">
     <span class='ocr_line' id='line_1_22' title="bbox 154 2690 1211 2827; baseline -0.003 -47"><span class='ocrx_word' id='word_1_142' title='bbox 154 2700 299 2827; x_wconf 60' lang='lat' dir='ltr'><strong>ffililu·</strong></span> <span class='ocrx_word' id='word_1_143' title='bbox 324 2720 488 2781; x_wconf 91' lang='lat' dir='ltr'><strong>ventrem</strong></span> <span class='ocrx_word' id='word_1_144' title='bbox 506 2704 685 2779; x_wconf 85' lang='lat' dir='ltr'><strong>resolvere</strong></span> <span class='ocrx_word' id='word_1_145' title='bbox 699 2734 710 2795; x_wconf 66' lang='grc' dir='ltr'>ς</span> <span class='ocrx_word' id='word_1_146' title='bbox 738 2703 819 2778; x_wconf 91' lang='lat' dir='ltr'><strong>oleo</strong></span> <span class='ocrx_word' id='word_1_147' title='bbox 835 2705 883 2777; x_wconf 92' lang='lat' dir='ltr'><strong>ad</strong></span> <span class='ocrx_word' id='word_1_148' title='bbox 899 2690 1211 2801; x_wconf 68' lang='lat' dir='ltr'><strong>frictionedadjice</strong></span> 
     </span>
    </p>
   </div>
   <div class='ocr_carea' id='block_1_5' title="bbox 153 2815 1209 2962">
    <p class='ocr_par' dir='ltr' id='par_1_8' title="bbox 153 2815 1209 2962">
     <span class='ocr_line' id='line_1_23' title="bbox 153 2815 1209 2962; baseline -0.001 -71"><span class='ocrx_word' id='word_1_149' title='bbox 153 2832 282 2962; x_wconf 53' lang='lat' dir='ltr'><strong>ffiffl</strong></span> <span class='ocrx_word' id='word_1_150' title='bbox 325 2817 518 2910; x_wconf 83' lang='lat' dir='ltr'><strong>facientia;</strong></span> <span class='ocrx_word' id='word_1_151' title='bbox 546 2831 631 2892; x_wconf 87' lang='lat' dir='ltr'><strong>ante</strong></span> <span class='ocrx_word' id='word_1_152' title='bbox 648 2820 891 2893; x_wconf 86' lang='lat' dir='ltr'><strong>accessionem</strong></span> <span class='ocrx_word' id='word_1_153' title='bbox 911 2818 1065 2904; x_wconf 87' lang='lat' dir='ltr'><strong>sorbere,</strong></span> <span class='ocrx_word' id='word_1_154' title='bbox 1093 2815 1152 2890; x_wconf 91' lang='lat' dir='ltr'><strong>vel</strong></span> <span class='ocrx_word' id='word_1_155' title='bbox 1176 2841 1209 2890; x_wconf 81' lang='lat' dir='ltr'><strong>a&lt;</strong></span> 
     </span>
    </p>
   </div>
   <div class='ocr_carea' id='block_1_6' title="bbox 312 2928 1208 3933">
    <p class='ocr_par' dir='ltr' id='par_1_9' title="bbox 312 2928 1208 3821">
     <span class='ocr_line' id='line_1_24' title="bbox 325 2928 1208 3030; baseline 0 -26"><span class='ocrx_word' id='word_1_156' title='bbox 325 2931 407 3005; x_wconf 88' lang='lat' dir='ltr'><strong>thos</strong></span> <span class='ocrx_word' id='word_1_157' title='bbox 429 2932 531 3016; x_wconf 91' lang='lat' dir='ltr'><strong>duos,</strong></span> <span class='ocrx_word' id='word_1_158' title='bbox 552 2931 609 3003; x_wconf 87' lang='lat' dir='ltr'><strong>vel</strong></span> <span class='ocrx_word' id='word_1_159' title='bbox 628 2955 740 3004; x_wconf 90' lang='lat' dir='ltr'><strong>unum</strong></span> <span class='ocrx_word' id='word_1_160' title='bbox 759 2934 891 3030; x_wconf 90' lang='lat' dir='ltr'><strong>sinapis</strong></span> <span class='ocrx_word' id='word_1_161' title='bbox 908 2955 993 3004; x_wconf 89' lang='lat' dir='ltr'><strong>cum</strong></span> <span class='ocrx_word' id='word_1_162' title='bbox 1010 2931 1125 3004; x_wconf 91' lang='lat' dir='ltr'><strong>tribus</strong></span> <span class='ocrx_word' id='word_1_163' title='bbox 1143 2928 1208 3004; x_wconf 78' lang='lat' dir='ltr'><strong>Gn</strong></span> 
     </span>
     <span class='ocr_line' id='line_1_25' title="bbox 320 3042 1206 3142; baseline 0.001 -28"><span class='ocrx_word' id='word_1_164' title='bbox 320 3043 414 3131; x_wconf 86' lang='lat' dir='ltr'><strong>salsi,</strong></span> <span class='ocrx_word' id='word_1_165' title='bbox 434 3042 492 3116; x_wconf 92' lang='lat' dir='ltr'><strong>vel</strong></span> <span class='ocrx_word' id='word_1_166' title='bbox 509 3043 623 3116; x_wconf 82' lang='lat' dir='ltr'><strong>mixta</strong></span> <span class='ocrx_word' id='word_1_167' title='bbox 639 3044 785 3139; x_wconf 91' lang='lat' dir='ltr'><strong>paribus</strong></span> <span class='ocrx_word' id='word_1_168' title='bbox 802 3045 1039 3142; x_wconf 84' lang='lat' dir='ltr'><strong>portionibus,</strong></span> <span class='ocrx_word' id='word_1_169' title='bbox 1059 3044 1151 3117; x_wconf 91' lang='lat' dir='ltr'><strong>etin</strong></span> <span class='ocrx_word' id='word_1_170' title='bbox 1168 3067 1206 3140; x_wconf 80' lang='lat' dir='ltr'><strong>aq</strong></span> 
     </span>
     <span class='ocr_line' id='line_1_26' title="bbox 317 3154 1205 3256; baseline -0.001 -27"><span class='ocrx_word' id='word_1_171' title='bbox 317 3166 366 3242; x_wconf 87' lang='lat' dir='ltr'><strong>ta,</strong></span> <span class='ocrx_word' id='word_1_172' title='bbox 393 3158 508 3254; x_wconf 86' lang='lat' dir='ltr'><strong>piper,</strong></span> <span class='ocrx_word' id='word_1_173' title='bbox 528 3165 742 3240; x_wconf 86' lang='lat' dir='ltr'><strong>castoreum,</strong></span> <span class='ocrx_word' id='word_1_174' title='bbox 770 3155 891 3243; x_wconf 75' lang='lat' dir='ltr'><strong>laser,⁸</strong></span> <span class='ocrx_word' id='word_1_175' title='bbox 924 3156 1118 3256; x_wconf 76' lang='lat' dir='ltr'><strong>myrrham.</strong></span> <span class='ocrx_word' id='word_1_176' title='bbox 1172 3154 1205 3228; x_wconf 76' lang='lat' dir='ltr'>B</span> 
     </span>
     <span class='ocr_line' id='line_1_27' title="bbox 316 3265 1204 3366; baseline -0.001 -24"><span class='ocrx_word' id='word_1_177' title='bbox 316 3269 413 3342; x_wconf 91' lang='lat' dir='ltr'><strong>enim</strong></span> <span class='ocrx_word' id='word_1_178' title='bbox 432 3265 633 3364; x_wconf 90' lang='lat' dir='ltr'><strong>similiaque</strong></span> <span class='ocrx_word' id='word_1_179' title='bbox 651 3291 783 3365; x_wconf 89' lang='lat' dir='ltr'><strong>corpus</strong></span> <span class='ocrx_word' id='word_1_180' title='bbox 800 3270 1013 3366; x_wconf 83' lang='lat' dir='ltr'><strong>agitandum</strong></span> <span class='ocrx_word' id='word_1_181' title='bbox 1031 3282 1097 3354; x_wconf 87' lang='lat' dir='ltr'><strong>est,</strong></span> <span class='ocrx_word' id='word_1_182' title='bbox 1115 3279 1158 3342; x_wconf 91' lang='lat' dir='ltr'><strong>ut</strong></span> <span class='ocrx_word' id='word_1_183' title='bbox 1174 3295 1204 3341; x_wconf 86' lang='lat' dir='ltr'><strong>rr</strong></span> 
     </span>
     <span class='ocr_line' id='line_1_28' title="bbox 315 3381 1202 3479; baseline -0.002 -23"><span class='ocrx_word' id='word_1_184' title='bbox 315 3405 362 3456; x_wconf 84' lang='lat' dir='ltr'><strong>ex</strong></span> <span class='ocrx_word' id='word_1_185' title='bbox 380 3407 426 3456; x_wconf 89' lang='lat' dir='ltr'><strong>eo</strong></span> <span class='ocrx_word' id='word_1_186' title='bbox 442 3392 550 3468; x_wconf 85' lang='lat' dir='ltr'><strong>statu,</strong></span> <span class='ocrx_word' id='word_1_187' title='bbox 570 3406 645 3479; x_wconf 94' lang='lat' dir='ltr'><strong>quo</strong></span> <span class='ocrx_word' id='word_1_188' title='bbox 676 3381 872 3456; x_wconf 89' lang='lat' dir='ltr'><strong>detinetur.</strong></span> <span class='ocrx_word' id='word_1_189' title='bbox 927 3384 965 3457; x_wconf 89' lang='lat' dir='ltr'><strong>Si</strong></span> <span class='ocrx_word' id='word_1_190' title='bbox 989 3383 1099 3456; x_wconf 87' lang='lat' dir='ltr'><strong>febris</strong></span> <span class='ocrx_word' id='word_1_191' title='bbox 1126 3383 1202 3479; x_wconf 76' lang='lat' dir='ltr'><strong>quit</strong></span> 
     </span>
     <span class='ocr_line' id='line_1_29' title="bbox 313 3493 1201 3595; baseline -0.002 -26"><span class='ocrx_word' id='word_1_192' title='bbox 313 3497 519 3570; x_wconf 89' lang='lat' dir='ltr'><strong>meminisse</strong></span> <span class='ocrx_word' id='word_1_193' title='bbox 537 3493 614 3594; x_wconf 88' lang='lat' dir='ltr'><strong>ejus</strong></span> <span class='ocrx_word' id='word_1_194' title='bbox 632 3493 703 3568; x_wconf 92' lang='lat' dir='ltr'><strong>diei</strong></span> <span class='ocrx_word' id='word_1_195' title='bbox 730 3498 926 3587; x_wconf 83' lang='lat' dir='ltr'><strong>convenit3</strong></span> <span class='ocrx_word' id='word_1_196' title='bbox 955 3520 1072 3595; x_wconf 89' lang='lat' dir='ltr'><strong>eoque</strong></span> <span class='ocrx_word' id='word_1_197' title='bbox 1097 3496 1201 3568; x_wconf 69' lang='lat' dir='ltr'><strong>vitare</strong></span> 
     </span>
     <span class='ocr_line' id='line_1_30' title="bbox 313 3605 1200 3696; baseline 0.001 -16"><span class='ocrx_word' id='word_1_198' title='bbox 313 3607 482 3696; x_wconf 88' lang='lat' dir='ltr'><strong>calorem,</strong></span> <span class='ocrx_word' id='word_1_199' title='bbox 501 3607 730 3696; x_wconf 81' lang='lat' dir='ltr'><strong>cruditatem,</strong></span> <span class='ocrx_word' id='word_1_200' title='bbox 746 3608 1005 3683; x_wconf 90' lang='lat' dir='ltr'><strong>lassitudinem.</strong></span> <span class='ocrx_word' id='word_1_201' title='bbox 1058 3605 1180 3681; x_wconf 87' lang='lat' dir='ltr'><strong>Facile</strong></span> <span class='ocrx_word' id='word_1_202' title='bbox 1198 3646 1200 3669; x_wconf 73' lang='grc' dir='ltr'>ι</span> 
     </span>
     <span class='ocr_line' id='line_1_31' title="bbox 312 3721 1197 3821; baseline 0 -28"><span class='ocrx_word' id='word_1_203' title='bbox 312 3721 477 3808; x_wconf 89' lang='lat' dir='ltr'><strong>vertitur,</strong></span> <span class='ocrx_word' id='word_1_204' title='bbox 497 3723 569 3795; x_wconf 89' lang='lat' dir='ltr'><strong>nisi</strong></span> <span class='ocrx_word' id='word_1_205' title='bbox 585 3745 606 3794; x_wconf 86' lang='lat' dir='ltr'><strong>a</strong></span> <span class='ocrx_word' id='word_1_206' title='bbox 624 3746 712 3795; x_wconf 90' lang='lat' dir='ltr'><strong>sano</strong></span> <span class='ocrx_word' id='word_1_207' title='bbox 729 3748 875 3820; x_wconf 89' lang='lat' dir='ltr'><strong>qnoque</strong></span> <span class='ocrx_word' id='word_1_208' title='bbox 892 3721 1114 3821; x_wconf 89' lang='lat' dir='ltr'><strong>aliquamdiu</strong></span> <span class='ocrx_word' id='word_1_209' title='bbox 1131 3721 1197 3795; x_wconf 89' lang='lat' dir='ltr'><strong>tim</strong></span> 
     </span>
    </p>

    <p class='ocr_par' dir='ltr' id='par_1_10' title="bbox 363 3831 1198 3933">
     <span class='ocr_line' id='line_1_32' title="bbox 363 3831 1198 3933; baseline 0.001 -27"><span class='ocrx_word' id='word_1_210' title='bbox 363 3831 494 3906; x_wconf 91' lang='lat' dir='ltr'><strong>XVII.</strong></span> <span class='ocrx_word' id='word_1_211' title='bbox 523 3833 577 3908; x_wconf 87' lang='lat' dir='ltr'><strong>At</strong></span> <span class='ocrx_word' id='word_1_212' title='bbox 603 3835 633 3906; x_wconf 91' lang='lat' dir='ltr'><strong>si</strong></span> <span class='ocrx_word' id='word_1_213' title='bbox 650 3860 695 3908; x_wconf 85' lang='lat' dir='ltr'><strong>ex</strong></span> <span class='ocrx_word' id='word_1_214' title='bbox 715 3848 900 3933; x_wconf 86' lang='lat' dir='ltr'><strong>quartana,</strong></span> <span class='ocrx_word' id='word_1_215' title='bbox 929 3833 1140 3933; x_wconf 89' lang='lat' dir='ltr'><strong>quotidiana</strong></span> <span class='ocrx_word' id='word_1_216' title='bbox 1163 3831 1198 3907; x_wconf 88' lang='lat' dir='ltr'><strong>fa</strong></span> 
     </span>
    </p>
   </div>
   <div class='ocr_carea' id='block_1_7' title="bbox 306 4030 1196 4526">
    <p class='ocr_par' dir='ltr' id='par_1_11' title="bbox 306 4030 1196 4526">
     <span class='ocr_line' id='line_1_33' title="bbox 346 4030 1196 4107; baseline 0.005 -23"><span class='ocrx_word' id='word_1_217' title='bbox 346 4030 360 4059; x_wconf 77' lang='lat'>⁸</span> <span class='ocrx_word' id='word_1_218' title='bbox 374 4031 516 4106; x_wconf 88' lang='lat' dir='ltr'><strong>Silphium,</strong></span> <span class='ocrx_word' id='word_1_219' title='bbox 534 4032 715 4106; x_wconf 84' lang='lat' dir='ltr'><strong>laserpitium:</strong></span> <span class='ocrx_word' id='word_1_220' title='bbox 735 4036 788 4090; x_wconf 84' lang='lat' dir='ltr'><strong>Lac</strong></span> <span class='ocrx_word' id='word_1_221' title='bbox 802 4034 987 4107; x_wconf 87' lang='lat' dir='ltr'><strong>Cyrenaicum,</strong></span> <span class='ocrx_word' id='word_1_222' title='bbox 999 4035 1073 4106; x_wconf 87' lang='lat' dir='ltr'><strong>Opos</strong></span> <span class='ocrx_word' id='word_1_223' title='bbox 1093 4033 1196 4104; x_wconf 72' lang='lat' dir='ltr'><strong>Cyrene</strong></span> 
     </span>
     <span class='ocr_line' id='line_1_34' title="bbox 309 4115 1195 4193; baseline 0 -24"><span class='ocrx_word' id='word_1_224' title='bbox 309 4115 431 4171; x_wconf 70' lang='lat' dir='ltr'><strong>malcum:</strong></span> <span class='ocrx_word' id='word_1_225' title='bbox 451 4119 610 4188; x_wconf 84' lang='lat' dir='ltr'><strong>Maspetum,</strong></span> <span class='ocrx_word' id='word_1_226' title='bbox 624 4119 775 4190; x_wconf 75' lang='lat' dir='ltr'><strong>Magydaris</strong></span> <span class='ocrx_word' id='word_1_227' title='bbox 787 4139 892 4192; x_wconf 89' lang='lat' dir='ltr'><strong>quoque</strong></span> <span class='ocrx_word' id='word_1_228' title='bbox 905 4119 1076 4193; x_wconf 80' lang='lat' dir='ltr'><strong>appellatum,</strong></span> <span class='ocrx_word' id='word_1_229' title='bbox 1087 4124 1169 4189; x_wconf 90' lang='lat' dir='ltr'><strong>prout</strong></span> <span class='ocrx_word' id='word_1_230' title='bbox 1186 4123 1195 4169; x_wconf 87' lang='lat' dir='ltr'><strong>l</strong></span> 
     </span>
     <span class='ocr_line' id='line_1_35' title="bbox 307 4199 1194 4276; baseline -0.001 -23"><span class='ocrx_word' id='word_1_231' title='bbox 307 4217 403 4255; x_wconf 81' lang='lat' dir='ltr'><strong>succus</strong></span> <span class='ocrx_word' id='word_1_232' title='bbox 415 4201 474 4271; x_wconf 87' lang='lat' dir='ltr'><strong>ejus</strong></span> <span class='ocrx_word' id='word_1_233' title='bbox 486 4208 636 4265; x_wconf 81' lang='lat' dir='ltr'><strong>concretus,</strong></span> <span class='ocrx_word' id='word_1_234' title='bbox 648 4203 720 4267; x_wconf 88' lang='lat' dir='ltr'><strong>folia,</strong></span> <span class='ocrx_word' id='word_1_235' title='bbox 732 4203 776 4256; x_wconf 80' lang='lat' dir='ltr'><strong>rel</strong></span> <span class='ocrx_word' id='word_1_236' title='bbox 787 4204 872 4268; x_wconf 83' lang='lat' dir='ltr'><strong>radix,</strong></span> <span class='ocrx_word' id='word_1_237' title='bbox 883 4209 1053 4276; x_wconf 85' lang='lat' dir='ltr'><strong>usurpentur.</strong></span> <span class='ocrx_word' id='word_1_238' title='bbox 1089 4199 1194 4253; x_wconf 61' lang='lat' dir='ltr'><strong>Ferulae</strong></span> 
     </span>
     <span class='ocr_line' id='line_1_36' title="bbox 307 4283 1194 4358; baseline -0.003 -20"><span class='ocrx_word' id='word_1_239' title='bbox 307 4285 495 4340; x_wconf 72' lang='lat' dir='ltr'><strong>assacloetidte</strong></span> <span class='ocrx_word' id='word_1_240' title='bbox 507 4285 550 4338; x_wconf 84' lang='lat' dir='ltr'><strong>vel</strong></span> <span class='ocrx_word' id='word_1_241' title='bbox 562 4285 675 4356; x_wconf 77' lang='lat' dir='ltr'><strong>galbano</strong></span> <span class='ocrx_word' id='word_1_242' title='bbox 693 4287 844 4351; x_wconf 87' lang='lat' dir='ltr'><strong>subsimilis,</strong></span> <span class='ocrx_word' id='word_1_243' title='bbox 865 4287 951 4358; x_wconf 80' lang='lat' dir='ltr'><strong>Syria,</strong></span> <span class='ocrx_word' id='word_1_244' title='bbox 974 4288 1086 4358; x_wconf 83' lang='lat' dir='ltr'><strong>Cyrene,</strong></span> <span class='ocrx_word' id='word_1_245' title='bbox 1104 4283 1194 4337; x_wconf 82' lang='lat' dir='ltr'><strong>Parthi</strong></span> 
     </span>
     <span class='ocr_line' id='line_1_37' title="bbox 306 4366 1193 4434; baseline 0.002 -16"><span class='ocrx_word' id='word_1_246' title='bbox 306 4366 385 4421; x_wconf 88' lang='lat' dir='ltr'><strong>hodie</strong></span> <span class='ocrx_word' id='word_1_247' title='bbox 409 4368 517 4422; x_wconf 83' lang='lat' dir='ltr'><strong>ineerta</strong></span> <span class='ocrx_word' id='word_1_248' title='bbox 562 4369 654 4423; x_wconf 89' lang='lat' dir='ltr'><strong>Drosc.</strong></span> <span class='ocrx_word' id='word_1_249' title='bbox 674 4369 710 4422; x_wconf 91' lang='lat' dir='ltr'><strong>iii.</strong></span> <span class='ocrx_word' id='word_1_250' title='bbox 735 4377 777 4423; x_wconf 75' lang='lat'><strong>85.</strong></span> <span class='ocrx_word' id='word_1_251' title='bbox 824 4372 1045 4434; x_wconf 74' lang='lat' dir='ltr'><strong>Tneounuasrus,</strong></span> <span class='ocrx_word' id='word_1_252' title='bbox 1068 4367 1138 4420; x_wconf 85' lang='lat' dir='ltr'><strong>llist.</strong></span> <span class='ocrx_word' id='word_1_253' title='bbox 1160 4366 1193 4421; x_wconf 90' lang='lat' dir='ltr'><strong>Pl</strong></span> 
     </span>
     <span class='ocr_line' id='line_1_38' title="bbox 306 4448 1126 4526; baseline 0.001 -24"><span class='ocrx_word' id='word_1_254' title='bbox 306 4448 382 4507; x_wconf 78' lang='lat' dir='ltr'><strong>l&#39;cm.</strong></span> <span class='ocrx_word' id='word_1_255' title='bbox 395 4453 448 4508; x_wconf 84' lang='lat' dir='ltr'><strong>xri</strong></span> <span class='ocrx_word' id='word_1_256' title='bbox 460 4459 502 4508; x_wconf 84' lang='grc'><strong>33.</strong></span> <span class='ocrx_word' id='word_1_257' title='bbox 515 4460 542 4508; x_wconf 85' lang='lat' dir='ltr'><strong>ot</strong></span> <span class='ocrx_word' id='word_1_258' title='bbox 554 4452 620 4508; x_wconf 82' lang='lat' dir='ltr'><strong>xxii.</strong></span> <span class='ocrx_word' id='word_1_259' title='bbox 633 4459 674 4508; x_wconf 78' lang='lat'><strong>23.</strong></span> <span class='ocrx_word' id='word_1_260' title='bbox 687 4454 807 4526; x_wconf 84' lang='lat' dir='ltr'><strong>alibique.</strong></span> <span class='ocrx_word' id='word_1_261' title='bbox 845 4456 908 4509; x_wconf 80' lang='lat' dir='ltr'><strong>Cor..</strong></span> <span class='ocrx_word' id='word_1_262' title='bbox 922 4456 956 4509; x_wconf 83' lang='lat' dir='ltr'><strong>ri.</strong></span> <span class='ocrx_word' id='word_1_263' title='bbox 972 4460 1010 4508; x_wconf 80' lang='lat'><strong>17.</strong></span> <span class='ocrx_word' id='word_1_264' title='bbox 1023 4453 1069 4506; x_wconf 84' lang='lat' dir='ltr'><strong>xil.</strong></span> <span class='ocrx_word' id='word_1_265' title='bbox 1082 4456 1126 4506; x_wconf 79' lang='lat'><strong>57.</strong></span> 
     </span>
    </p>
   </div>
   <div class='ocr_carea' id='block_1_8' title="bbox 0 0 1434 5296">
    <p class='ocr_par' dir='ltr' id='par_1_12' title="bbox 0 0 1434 5296">
     <span class='ocr_line' id='line_1_39' title="bbox 0 0 1434 5296; baseline 0 12"><span class='ocrx_word' id='word_1_266' title='bbox 0 0 1434 5296; x_wconf 95' lang='lat' dir='ltr'><strong> </strong></span> 
     </span>
    </p>
   </div>
  </div>
 </body>
</html>
