2858 5296
625 196 631 207 ι

102 267 211 286 “s-e,

194 706 205 775 j
261 708 642 773 tauretunensis.
907 696 975 772 191

90 909 188 965 inme
207 896 277 973 est,
305 882 433 962 fovere
461 897 607 985 oportet
634 884 797 984 spongia,
824 912 919 986 quae
946 890 988 963 in

103 998 251 1077 calidam
278 997 505 1087 demittatur,
538 999 579 1073 in
609 1023 683 1096 qua
710 997 770 1073 vel
795 1002 988 1099 papaveris

89 1140 109 1201 r,
137 1111 192 1188 vel
207 1112 416 1189 maumetis
431 1111 604 1189 silvestris
631 1110 736 1185 radix
753 1110 906 1189 decocta
921 1115 968 1189 sit
977 1140 1139 1220 monnau

89 1226 207 1303 lucere
220 1223 385 1301 articulis
401 1247 552 1299 crocum
567 1248 655 1301 cum
672 1248 784 1299 succo
799 1228 987 1325 papaveris
994 1206 1150 1324 ἔξω

89 1338 247 1415 blacte-
300 1336 357 1414 At
382 1339 412 1412 si
434 1348 557 1413 tumor
583 1349 653 1426 est,
679 1335 805 1413 fovere
839 1336 987 1436 quidem
995 1342 1091 1391 ⁰¹⁰⁸*
1105 1340 1139 1388 i'·

89 1478 156 1552 qua
170 1449 328 1551 egelida,
344 1451 384 1524 iu
401 1474 474 1549 qua
490 1450 673 1539 lentiscus,
700 1448 816 1527 aliave
832 1450 991 1527 verbena
997 1411 1053 1458 Μ’

89 1565 284 1641 insentibus
309 1562 463 1638 decocta
478 1563 546 1639 sit:
572 1562 699 1638 induci
723 1587 812 1638 vero
832 1561 990 1639 medica-

89 1703 167 1754 rex
184 1677 344 1753 nucibus
372 1677 502 1750 amaris
526 1700 612 1751 cum
640 1686 747 1751 aceto
777 1677 896 1769 tritis3
922 1689 991 1753 aut

89 1816 159 1881 sss,
189 1791 253 1866 cui
269 1790 446 1866 contritae
475 1787 608 1864 herbae
624 1787 771 1864 muralis
795 1791 989 1866 succussit

89 1930 113 1981 s.
163 1903 282 2003 Lapis
308 1904 427 1990 etiarn
458 1903 522 2001 qui
546 1926 692 1977 carnem
715 1902 851 1989 exedit,
878 1928 987 2001 quern

89 2026 158 2112 por·
174 2016 314 2091 Graeci
327 2025 469 2103 vocant,
483 2016 639 2102 excisus,
657 2015 709 2088 sic
722 2027 764 2090 ut
772 2015 885 2114 pedes
895 2018 992 2116 capi·

89 2132 187 2205 rirsos
201 2153 276 2215 eos,
294 2152 379 2202 curn
397 2126 533 2215 dolent,
557 2138 790 2224 retentosque
807 2129 857 2201 ibi
873 2128 993 2204 levare

89 2243 146 2317 vit.
193 2240 256 2316 Ex
273 2242 402 2339 quoin
420 2238 512 2314 Asia
537 2238 649 2339 lapidi
667 2237 775 2313 Asio·
791 2241 908 2338 gratia
927 2254 991 2317 est.

89 2352 142 2429 lor
155 2368 195 2429 et
210 2352 447 2427 inflammatio
459 2377 498 2426 se
515 2353 744 2439 remiserunt,
765 2353 884 2451 (quod
898 2355 994 2430 intra

89 2466 288 2566 adraginta
310 2465 364 2552 fit,
387 2466 458 2539 nisi
481 2466 611 2540 vitium
639 2463 797 2540 hominis
821 2469 993 2564 accessit)

89 2606 94 2652 r
127 2578 460 2665 exercitationibus,
496 2578 722 2667 abstinentia,
758 2581 993 2656 unctionibus

98 2691 280 2768 utendum
299 2703 364 2778 est,
382 2692 445 2777 sic,
466 2703 507 2765 ut
524 2692 631 2764 etiarn
652 2696 796 2789 acopo,¹‘
815 2694 873 2767 vel
889 2694 993 2794 liqui-

89 2817 140 2880 tto
172 2805 323 2902 cyprino
348 2804 491 2877 articuli
519 2803 769 2901 perfricentur.
821 2805 994 2902 Equitare

89 2919 148 2992 icis
175 2940 319 3014 quoque
346 2914 503 2988 alienum
521 2927 585 2988 est.
638 2914 785 3000 Quibus
810 2940 897 2989 vero
913 2919 996 2990 arti-

89 3056 109 3104 u
126 3029 234 3103 dolor
250 3029 357 3102 certis
374 3028 595 3126 temporibus
608 3027 813 3113 revertitur,
832 3027 899 3101 hos
911 3041 995 3103 ante

89 3168 142 3217 rso
168 3143 270 3217 victu
287 3130 414 3214 cavere
440 3151 595 3238 oportet,
622 3162 670 3211 ne
688 3138 823 3211 inutilis
848 3144 996 3216 materia

104 3256 276 3353 supersit,
295 3265 332 3327 et
349 3253 530 3326 crebriore
547 3251 712 3341 vomitu3
740 3263 788 3337 et,
807 3253 837 3325 si
854 3256 933 3351 quis
950 3278 997 3328 ex

89 3392 98 3442 r
119 3380 242 3441 metus
260 3380 325 3453 est,
357 3365 417 3438 vel
434 3364 506 3439 alvi
533 3363 707 3437 ductione
734 3366 798 3452 uti,
828 3366 886 3441 vel
903 3367 997 3443 lacte

89 3534 104 3553 ..
158 3478 271 3566 Quod
298 3477 533 3552 Erasistratus
550 3477 588 3549 in
614 3475 818 3576 podagricis
843 3483 994 3580 expulit,

89 3590 250 3667 nferiores
266 3604 386 3690 partes
402 3588 520 3664 factus
539 3613 666 3662 cursus
686 3589 797 3687 pedes
814 3593 991 3692 repleret:

89 3702 209 3779 uidens
238 3704 294 3790 sit,
327 3705 425 3776 omni
454 3703 672 3801 purgatione
707 3727 782 3777 non
813 3708 997 3804 superiora

89 3815 212 3904 modo,
231 3816 296 3890 sed
313 3818 422 3890 etiam
438 3814 609 3889 inferiora
625 3816 813 3889 exinaniri.

89 3929 120 4003 l.
150 3926 210 4000 Ex
228 3951 447 4025 quocunque
472 3940 595 4001 autern
621 3928 749 4000 morbo
766 3929 847 4024 quis
865 3951 996 4002 conva-

90 4043 102 4115 i
114 4040 219 4116 tarde
233 4040 475 4125 confirmatur,
488 4039 634 4138 vigilare
645 4041 761 4138 prima
770 4041 854 4113 luce
868 4039 992 4128 debet;

89 4161 185 4228 rinus
214 4155 253 4226 in
282 4153 379 4228 lecto
409 4159 688 4250 conquiescere:
727 4153 823 4225 circa
853 4156 995 4228 tertiam

89 4340 124 4396 lie
142 4340 190 4394 vix
211 4339 375 4411 dignoscitur
397 4338 478 4394 Asius
489 4337 563 4408 lapis
600 4337 638 4391 Hi
649 4339 769 4411 profecto
789 4339 889 4412 lapides
906 4358 998 4394 omnes

89 4444 119 4489 n,
139 4425 249 4488 nitrum,
270 4432 297 4477 et
309 4424 348 4478 sal
360 4423 388 4477 in
404 4441 433 4477 se
445 4422 592 4487 continent,
612 4441 643 4475 ac
655 4422 727 4477 leves
744 4431 772 4477 et
783 4424 925 4496 spongiosi,
943 4441 998 4476 non

89 4509 180 4563 ›Asio
200 4507 286 4578 lapide
298 4508 389 4563 baberi
406 4508 544 4580 potsunt”
581 4506 712 4562 DeBoa'r
724 4507 756 4561 de
770 4507 833 4579 Lap.
850 4516 879 4562 et
897 4508 1001 4560 (lerum.

89 4615 100 4645 ι.
112 4598 173 4646 220.
187 4591 264 4644 Prin.
277 4592 372 4647 xxxvi.
388 4596 427 4646 17.
463 4591 556 4646 Drosc.
568 4608 593 4643 u.
606 4594 647 4644 95.

94 4675 171 4740 infra,
184 4694 209 4729 v.
221 4677 263 4728 24.
280 4681 299 4730 l.
312 4681 336 4730 2.
