2858 5296
302 379 328 444 4
676 389 713 438 A.
730 388 844 443 CORN-
860 387 966 441 081.ss

300 577 341 643 et
353 565 500 643 morbos
515 562 780 641 confinentium
796 574 1003 641 cenarum·
1014 559 1120 637 notiti

301 677 535 764 evidentium,
556 688 639 776 post
663 677 753 753 haec
778 678 887 753 etiam
905 672 1121 751 naturalium

300 793 495 868 novissime
510 793 666 891 partium
682 791 905 866 interiorum.
958 787 1114 863 Abditas

301 919 397 994 cant,
425 907 461 980 in
478 905 612 1005 quibus
628 905 833 1004 requiritur,
850 928 899 978 ex
916 901 1049 1000 quibus
1064 901 1121 999 pri

299 1033 358 1094 tra
384 1041 539 1119 corpora
566 1019 649 1105 aiot
684 1017 775 1116 quid
802 1015 1013 1102 secundam,
1043 1009 1121 1111 quil

300 1130 548 1208 valetudinem
575 1128 696 1206 faciat.
758 1129 891 1229 Neque
917 1129 1016 1203 enim
1043 1125 1121 1201 crec'

301 1268 386 1319 eum
404 1244 507 1330 scire,
524 1242 708 1341 quomodo
725 1244 869 1319 morbos
894 1264 1021 1316 curare
1041 1262 1122 1314 com

302 1355 403 1431 unde
427 1357 467 1430 hi
491 1356 575 1444 sint,
604 1357 758 1455 ignoret.
808 1355 941 1455 Neque
968 1377 1046 1429 ease
1066 1351 1122 1427 dul

301 1467 372 1543 alia
387 1468 575 1544 curatione
591 1491 683 1566 opus
698 1470 755 1557 ait,
773 1469 814 1557 si,
833 1493 881 1543 ex
899 1478 1056 1567 quatuor
1071 1465 1123 1565 pri

303 1605 476 1680 superans
500 1580 659 1681 aliquod,
684 1582 742 1658 vel
764 1582 945 1670 deficiens,
969 1580 1123 1656 adversar

302 1717 389 1768 nem
405 1706 527 1787 creat;
555 1707 599 1771 ut
619 1694 768 1794 quidam
793 1719 839 1770 ex
865 1695 1060 1795 sapientiae
1084 1715 1123 1790 pr

302 1805 498 1882 dixeruntz
525 1807 606 1896 alin,
632 1809 723 1883 siin
745 1806 903 1883 humidis
927 1829 1035 1881 omne
1052 1805 1124 1888 vitir

305 1916 510 2019 Herophilo
533 1921 653 1995 visum
678 1934 757 1995 eat:
784 1919 865 2008 alia,
891 1921 922 1994 si
945 1921 983 1993 in
1008 1918 1125 2017 spiritu

303 2031 464 2130 pocrati:
491 2029 571 2118 alia,
598 2032 793 2130 aisanguis
808 2033 847 2105 in
864 2056 924 2106 eas
941 2055 1062 2119 venas,
1087 2054 1125 2128 qt

302 2141 597 2218 accommodatae
613 2156 710 2231 aunt,
735 2131 1029 2233 transfunditur,b
1045 2155 1083 2218 et
1098 2144 1126 2217 ir

302 2278 400 2342 nem,
414 2278 523 2352 quam
534 2252 669 2330 Graeci
678 2255 852 2354 φλεγμονὴν
863 2258 1063 2343 nominant
1074 2279 1127 2330 ex«

302 2365 538 2442 inflammatio
552 2365 663 2442 talem
679 2382 819 2443 motum
836 2368 957 2456 efficit,
976 2367 1090 2468 qualis
1105 2369 1127 2442 ir

303 2490 347 2553 ut
363 2477 577 2554 Erasistrato
594 2478 752 2580 placuit:
776 2480 856 2568 alia,
875 2482 905 2555 si
922 2482 1128 2556 manantia«

303 2617 370 2691 per
384 2592 579 2669 invisibilia
593 2592 770 2668 foramina
794 2595 1031 2682 subsistendo,
1057 2596 1127 2669 iter

305 2719 348 2782 ut
365 2704 603 2806 Asclepiades
620 2707 819 2783 contendit.
871 2707 967 2781 Eum
984 2731 1071 2781 vero
1086 2731 1130 2781 ra

303 2840 397 2904 rum,
417 2842 526 2915 quem
543 2821 659 2918 prima
675 2821 777 2919 origo
794 2845 923 2895 causae
948 2843 1021 2893 non
1043 2816 1131 2893 fefel

306 2950 379 3024 que
395 2953 482 3004 vero
506 2930 723 3019 inficiantur,
750 2935 998 3030 experimenta
1021 2955 1131 3030 quoqr

305 3039 482 3131 cessaria3
510 3040 574 3114 sed
591 3066 638 3117 ne
655 3043 702 3116 ad
719 3042 809 3117 haec
826 3045 973 3141 quidem
989 3043 1128 3119 aditum

305 3151 386 3236 isse,
405 3150 473 3223 nisi
490 3151 535 3225 ab
552 3150 673 3250 aliqua
688 3154 837 3240 ratione,
857 3156 1095 3232 contendunt

306 3259 485 3360 quidlibet
509 3265 729 3363 antiquiores
760 3266 856 3340 viros
888 3270 1005 3365 aegris
1036 3269 1134 3345 incul

307 3374 495 3472 cogitasse,
526 3375 614 3474 quid
639 3378 797 3452 maxime
821 3383 1057 3476 conveniret3
1084 3394 1124 3458 et

307 3483 476 3584 plorasse,
497 3512 571 3586 quo
586 3500 671 3565 ante
688 3490 897 3590 conjectura
912 3492 1033 3592 aliqua
1048 3494 1136 3570 duxi

340 3717 353 3746 ⁸
371 3708 501 3767 Notitiam
520 3711 607 3778 seriei,
623 3713 732 3782 wilioet,
749 3716 793 3772 vel
811 3717 919 3784 ordinis,
937 3737 1016 3793 saepe
1032 3719 1114 3794 longi,
1132 3741 1138 3777 t

305 3789 376 3846 inter
386 3811 492 3850 cenum
503 3795 653 3852 evidentem
666 3798 856 3875 (excitantem)
867 3810 896 3858 et
906 3803 982 3876 signa
991 3805 1132 3861 manifesta

304 3876 426 3930 morbum
438 3884 578 3946 continent,
589 3898 637 3935 sen
648 3882 787 3938 sustinent.
822 3885 907 3939 Recte
918 3887 1044 3941 omnino:
1056 3895 1084 3942 et
1095 3888 1140 3943 ab‘

304 3959 671 4019 llnoedbeemalelntelleotis
677 3967 762 4038 turpis
770 3968 932 4023 medicorum
939 3971 1141 4026 recentiorum

306 4053 414 4095 rrum
434 4059 537 4100 ceusu
556 4063 654 4101 monam
675 4065 815 4103 enormen
833 4067 905 4118 narr,
922 4053 1047 4108 nimirum
1064 4055 1140 4128 quasi

306 4119 438 4191 ejusmdi
448 4126 513 4180 oriri
523 4137 638 4200 possent
675 4131 768 4204 Neque
784 4131 954 4189 inficiandum
971 4144 1047 4208 puto,
1065 4155 1109 4192 ree
1124 4156 1143 4192 e

257 4230 275 4273 0
306 4205 384 4272 nlpo
395 4207 524 4276 venditas,
535 4211 655 4279 effeetus,
665 4230 744 4286 quam
755 4232 846 4269 neum
856 4217 942 4272 morbi
952 4219 1094 4290 proximae,
1111 4237 1144 4293 pe

303 4303 378 4344 enea
396 4293 1010 4370 ramenimoaueeoontinenseimplexetnna.

342 4372 356 4410 ¹²
367 4374 457 4434 Error
468 4379 522 4433 loci
532 4377 695 4435 medicorum
706 4381 862 4437 recentium.
