2858 5296
410 737 624 791 emonensis
640 739 717 790 sm.
735 732 792 793 111.
1063 730 1137 809 107

118 934 242 1009 genere
255 911 443 987 morborum
460 914 675 1012 sanguinem
693 918 802 992 etiam
813 918 962 1006 misisse,
980 944 1136 997 concus-

119 1024 195 1099 sisse
211 1024 465 1101 vehementibus
480 1029 746 1125 gestationibus
763 1054 909 1129 corpus,
933 1032 971 1104 in
994 1030 1134 1110 lumine

119 1134 276 1227 bmnisre,
288 1138 475 1239 imperasse
492 1137 637 1228 famem,
656 1143 765 1230 sitim,
792 1142 953 1241 vigiliam
970 1145 1131 1243 prodest.

122 1246 382 1327 Utileestetism
395 1251 534 1326 ducere
549 1252 589 1325 in
605 1253 788 1344 balneum,
816 1257 916 1353 prius
944 1255 1135 1334 demittere

119 1360 289 1453 turdum,
315 1376 396 1440 tum
422 1387 577 1463 ungere,
608 1366 740 1441 iterum
769 1366 818 1441 ad
847 1367 978 1442 solium
1005 1369 1134 1458 redire,

119 1474 267 1577 nullaque
281 1502 381 1577 aqua
396 1474 524 1551 fovere
539 1478 717 1576 inguine;
735 1480 920 1554 interdum
940 1481 1051 1556 etiem
1065 1481 1138 1556 ole-

117 1590 301 1665 rnr'nsolio
316 1615 409 1665 cum
426 1614 522 1689 aqua
538 1590 657 1665 calida
681 1594 858 1686 miscere,
886 1596 942 1669 uti
970 1595 1055 1669 cibo
1084 1620 1139 1670 se-

113 1700 162 1777 riis
173 1718 206 1779 et
220 1706 353 1791 rarius,
371 1704 489 1791 tenui,
507 1705 674 1802 simplici,
691 1705 804 1794 molli,
823 1705 954 1794 calido,
974 1709 1135 1806 exigu05

113 1818 307 1917 trinoque
324 1815 500 1903 oleribus,
528 1816 648 1915 qualia
664 1832 760 1906 sunt,
788 1819 985 1918 lapathum,
1006 1822 1134 1909 urtica,

111 1930 220 2023 nslve3
244 1930 305 2005 vel
322 1930 415 2033 jure
431 1930 541 2004 etiam
559 1929 796 2019 concharum,
824 1932 1133 2021 musculorumve,

87 2042 410 2118 ·nrlocnstarum:
438 2066 558 2140 neque
575 2041 697 2117 danda
719 2068 817 2130 caro,
846 2046 915 2118 nisi
940 2045 1046 2132 elixa,
1065 2058 1132 2120 est.

113 2150 259 2253 btpotio
274 2180 351 2231 esse
366 2154 480 2231 debet
492 2156 607 2252 magis
623 2155 792 2243 liberalis,
820 2168 859 2231 et
886 2167 971 2231 ante
997 2158 1133 2245 cibum,

113 2279 228 2366 etpost
242 2267 350 2357 bunc,
365 2282 407 2345 et
423 2292 510 2343 cum
527 2267 609 2356 hoc,
641 2268 737 2344 ultra
767 2293 878 2368 quem
908 2269 985 2343 sitis
1001 2282 1134 2368 coget:

111 2381 326 2481 potuitquae
342 2380 475 2457 balneo
491 2382 600 2456 etiam
617 2382 800 2481 pinguius,
815 2395 879 2457 aut
891 2380 1036 2456 dulcius
1053 2381 1132 2457 dari

110 2491 208 2567 duom
220 2522 233 2586 3
258 2497 397 2595 poterit
412 2495 536 2582 semel,
556 2506 621 2568 aut
648 2495 703 2569 bis
731 2496 914 2595 interponi
944 2493 1133 2571 Graecum

106 2602 238 2681 telsnm.⁸
285 2607 430 2683 Conna
445 2631 543 2694 vero,
562 2608 592 2680 si
609 2631 741 2706 corpus
756 2608 925 2707 profluet,
944 2607 1055 2682 sudor
1072 2632 1132 2682 co·
1142 2636 1278 2685 erorum

107 2720 268 2809 sendus,
288 2722 395 2820 quies
406 2719 613 2794 adhibenda
624 2722 691 2794 erit
702 2750 714 2812 3
733 2723 903 2808 tenebris,
919 2745 1133 2817 somnoque,

106 2834 375 2933 quandocunque
393 2833 502 2920 volet,
531 2833 734 2925 utendum3
762 2859 836 2907 non
862 2834 932 2905 uisi
957 2833 1031 2904 leni
1055 2858 1136 2929 ges-

105 2946 217 3021 tatione
232 2973 368 3047 oorpus
384 2946 608 3046 agitandum,
628 2959 665 3020 ct
682 2971 749 3044 pro
774 2970 909 3043 genere
938 2943 1023 3016 mali
1053 2944 1136 3016 sub·

104 3060 312 3135 renmndum.
364 3060 461 3135 Nam
479 3061 509 3133 si
526 3071 653 3133 venter
670 3058 763 3143 fluit,
784 3069 848 3129 aut
873 3057 903 3128 si
929 3053 1137 3129 stomachus

106 3191 168 3242 non
183 3175 348 3260 continet,
368 3173 432 3247 ubi
447 3170 558 3246 febris
576 3170 750 3255 decrevit,
779 3166 975 3241 liberaliter
992 3180 1136 3265 oportet

109 3303 222 3380 aquam
237 3286 392 3385 tepidam
410 3287 515 3384 potui
533 3284 631 3371 dare,
653 3294 691 3356 et
707 3304 854 3355 vomere
879 3303 1012 3377 cogere
1027 3309 1038 3370 3
1067 3280 1135 3352 nisi

110 3408 163 3468 eut
175 3395 299 3486 fauces,
318 3411 385 3474 aut
400 3397 622 3498 praecordia,
641 3408 705 3470 aut
723 3393 817 3468 latus
843 3391 955 3480 dolet,
987 3405 1051 3467 aut
1075 3418 1137 3467 ve·

109 3512 307 3585 humorbus
335 3524 404 3586 est.
455 3511 492 3585 si
522 3536 608 3584 vero
636 3508 748 3582 sudor
778 3520 937 3594 exercet,
970 3505 1136 3580 duranda

107 3622 185 3696 uris
198 3638 252 3698 est
266 3626 375 3712 nitro,
408 3623 465 3698 vel
482 3622 566 3710 sale,
595 3647 687 3721 quae
704 3645 791 3696 cum
808 3619 891 3694 oleo
908 3620 1107 3694 miscentur
1121 3646 1132 3695 ε

106 3735 177 3807 nesi
191 3734 301 3811 levius
318 3736 358 3811 id
374 3740 502 3812 vitium
519 3750 585 3823 est,
613 3735 695 3809 oleo
723 3758 855 3831 corpus
887 3732 1102 3831 ungendum
1119 3761 1130 3822 3

109 3845 393 3938 nivehementius,
423 3875 513 3936 rosa,
544 3848 605 3922 vel
631 3846 776 3932 melin0,
808 3844 866 3920 vel
893 3858 1047 3944 myrte0,
1075 3844 1136 3917 cui

109 3956 212 4035 vinum
244 3975 430 4037 austerum
464 3963 512 4036 sit
545 3959 742 4060 adjectum.
808 3957 983 4055 Quisquis
1013 3966 1136 4028 autem

112 4067 202 4150 fluore
215 4103 323 4175 aeger
341 4094 407 4164 est,
426 4101 512 4150 cum
531 4077 630 4148 venit
658 4075 696 4145 in
724 4070 906 4155 balneum,
940 4069 1040 4167 prius
1071 4091 1228 4154 un-pluo,

109 4186 237 4279 gendos,
260 4190 394 4264 deinde
424 4191 462 4262 in
493 4189 621 4262 solium
651 4182 899 4260 demittendus
926 4195 991 4255 est.
1044 4180 1137 4254 siin

109 4312 179 4373 cute
192 4304 316 4378 vitium
334 4315 400 4391 est,
419 4300 553 4400 frigida
577 4323 735 4399 quoque,
763 4320 872 4395 quam
900 4293 1018 4367 calida
1044 4318 1138 4391 aqua

110 4411 215 4488 melius
230 4430 361 4491 utetur.
415 4415 490 4491 Ubi
509 4415 555 4488 ad
572 4414 695 4488 cibum
713 4425 864 4485 ventum
883 4422 948 4495 est,
981 4407 1057 4481 dari
1076 4407 1137 4480 de-

111 4518 208 4601 betis
232 4531 364 4617 valens,
391 4528 558 4629 frigidus,
586 4528 715 4614 siccus,
743 4521 909 4623 simplex,
937 4523 1136 4620 quiquam

141 4722 152 4751 ¹
166 4727 306 4784 Aminneum
317 4736 366 4784 aut
375 4728 482 4794 Chium,
492 4728 627 4793 nimirum,
640 4726 682 4781 vel
695 4722 806 4798 quodvis
816 4740 850 4775 ex
859 4718 970 4774 Graecis
980 4716 1049 4772 vinis
1058 4713 1140 4769 salsis

114 4798 319 4870 bernean.
335 4809 727 4870 ro.u10sc.s0vrnsasn.
748 4808 842 4880 Supra,
854 4805 872 4858 s.
885 4809 911 4857 s.
