2858 5296
345 676 566 729 uenientia
581 679 658 731 nra.
677 681 733 731 111.
1021 668 1071 747 95

89 866 202 932 entes
217 874 345 929 wine
366 848 524 941 faciunt,
549 850 672 929 faeere
696 859 806 933 etiam
827 858 972 935 abditae
986 886 1075 962 pou.

89 989 109 1045 t.
162 964 296 1067 Neque
317 962 368 1041 de
391 990 447 1055 re,
478 965 545 1041 sed
572 966 620 1042 de
648 969 763 1045 verbo
788 977 1069 1051 controversiam

89 1094 182 1169 rent,
198 1082 270 1181 ιμ’,
292 1104 381 1155 cum
397 1078 506 1155 aliter
528 1078 707 1181 aliterque
731 1083 770 1157 in
793 1082 924 1159 eodem
940 1089 1069 1165 morbo

89 1218 142 1271 rea
154 1190 347 1281 accedunt⁸
369 1216 447 1268 non
462 1192 609 1269 easdem
625 1194 833 1271 inordinate
848 1196 978 1287 redire,
1003 1200 1070 1276 scd

89 1304 276 1409 subque
289 1304 450 1381 urbinde
461 1306 548 1381 oriri
564 1304 705 1383 dicunt.
758 1307 872 1396 Quod
887 1321 1011 1387 tamen
1022 1312 1071 1387 ad

89 1418 165 1497 mdi
177 1422 361 1497 ratiooem
379 1416 472 1492 nihil
487 1420 698 1520 pertineret,
716 1422 858 1497 etiamsi
870 1447 957 1499 vere
972 1422 1073 1499 dice·

89 1532 368 1663 ,Tempora
384 1555 531 1633 quoque
546 1534 798 1610 remissionum
814 1535 928 1610 modo
943 1533 1072 1611 littera·

89 1559 254 1725 modo
216 1671 284 1723 vrx
300 1644 380 1720 ulla
395 1657 491 1720 sunt.

89 1760 129 1837 V.
153 1758 208 1837 Et
222 1756 388 1833 febrium
412 1756 561 1857 quidem
588 1758 681 1834 ratio
709 1759 870 1835 maxime
894 1757 976 1834 talis
1000 1763 1192 1853 ceresam

89 1874 257 1951 atronum
265 1894 357 1947 vero
366 1870 509 1946 diversa
515 1895 652 1971 genera
660 1884 757 1962 sunt,
775 1885 885 1972 prout
899 1840 1216 1957 suctoresffl‘

89 2010 153 2063 aas
179 1984 334 2061 habent.
386 1982 624 2084 Asclepiades
648 1986 809 2061 officium
832 2011 911 2063 esse
932 1986 1069 2063 medici

89 2110 190 2189 tut
210 2110 306 2187 tuto,
333 2108 377 2172 ut
401 2094 577 2186 celeriter,
604 2111 647 2174 ut
664 2097 833 2198 jucunde
854 2111 969 2174 curet.
1021 2098 1070 2174 Id

89 2234 152 2287 um
166 2220 248 2285 ast:
269 2207 334 2285 md
348 2207 429 2284 sere
441 2209 644 2309 periculosa
656 2235 734 2286 esse
747 2212 859 2287 nimia
871 2223 909 2286 et
924 2209 1070 2286 festina·

98 2322 310 2424 etvoluptm
322 2320 430 2399 solet.
482 2321 568 2410 Qua
588 2348 677 2398 vero
702 2322 951 2399 moderatione
968 2335 1072 2401 uten-

89 2460 120 2513 m
131 2438 187 2527 ait,
203 2448 256 2526 ut,
273 2446 453 2537 quantum
470 2434 547 2510 lieri
563 2447 693 2535 potest,
711 2437 833 2512 omnia
848 2437 919 2513 ista
930 2439 1070 2512 contin·

89 2550 253 2653 ltprima
267 2572 413 2649 semper
432 2547 557 2624 habita
580 2547 706 2639 salute,
732 2552 771 2625 in
796 2552 883 2651 ipsis
906 2551 1073 2651 partibus

89 2663 246 2741 atiouum
275 2662 584 2739 considerandum
611 2664 689 2739 erit
751 2661 802 2738 Et
832 2674 919 2739 ante
948 2664 1071 2738 omnia

89 2778 214 2867 teritur,
244 2777 373 2878 primis
399 2774 527 2850 diebus
553 2798 662 2874 aeger
690 2801 763 2875 qua
792 2778 931 2850 ratione
957 2776 1072 2849 conti·

89 2888 232 2967 adussit.
268 2888 438 2988 Antiqui,
454 2887 726 2964 medicamentis
737 2887 955 2988 quibusdam
965 2887 1071 2972 datis,

89 3005 298 3081 noeuonem
331 3001 598 3093 moliebantur3
643 3026 688 3076 eo
721 3000 822 3100 quod
855 2998 1073 3073 cruditatem

89 3117 182 3193 nime
214 3116 433 3193 horrebant·
467 3114 601 3189 deinde
635 3139 716 3188 earn
746 3112 946 3195 materiam,
981 3133 1074 3207 quae

89 3227 174 3303 ulere
183 3229 383 3315 videbatur,
403 3227 573 3303 ducendo
590 3227 733 3324 saepius
749 3224 872 3299 alvum
889 3220 1075 3298 subtrahe·

89 3352 135 3417 ut.
194 3339 428 3443 Asclepiades
455 3341 723 3416 medicamenta
751 3336 918 3413 sustulit.
951 3335 1074 3411 alvum
1082 3352 1178 3404 ssu
1141 3369 1215 3422 ομ

89 3455 236 3545 utoties,
253 3456 320 3531 sod
336 3453 413 3530 fere
430 3467 551 3530 tamen
568 3455 607 3527 in
624 3453 724 3528 omni
747 3452 887 3540 morb0,
914 3424 1131 3527 subdus-‘¹⁰⁸

89 3564 210 3651 ‚febre
224 3595 313 3645 vero
335 3570 413 3668 ipsa
436 3569 631 3668 praecipue
656 3590 694 3641 se
721 3564 768 3640 ad
792 3565 995 3640 remedium
1020 3566 1076 3640 uti

89 3678 208 3758 umus
223 3695 290 3759 est.
343 3681 609 3758 Convellendas
633 3682 730 3755 enirn
746 3681 841 3754 vires
858 3680 958 3778 aegri
974 3691 1077 3778 puta·

89 3792 205 3885 ,luce
222 3793 358 3895 vigilia,
378 3797 436 3869 siti
452 3796 604 3893 ingenti,
632 3796 695 3883 sic,
722 3805 837 3868 utne
863 3818 904 3866 os
929 3790 1079 3890 quidem

89 3906 154 3983 'unis
180 3908 311 3984 diebus
339 3907 413 3983 elui
437 3909 582 3983 sineret.
636 3905 723 3995 Quo
751 3907 866 4004 magis
890 3903 1078 3989 falluntur,

89 4018 175 4121 iper
188 4022 313 4097 omnia
322 4020 527 4121 jucundam
545 4020 622 4121 ejus
639 4019 866 4119 disciplinam
890 4041 970 4092 esse
995 4039 1081 4090 con·

89 4130 184 4231 pium
234 4134 275 4209 Is
302 4135 399 4210 enim
429 4133 661 4209 ulterioribus
690 4132 838 4232 quidem
865 4130 994 4205 diebus
1018 4150 1082 4205 cu·

89 4248 151 4323 ru'r
165 4249 276 4324 etiam
292 4247 460 4323 luxuriae
486 4246 723 4345 subscripsit,
751 4245 875 4344 primis
899 4266 987 4318 vero
1011 4254 1083 4317 tor·

89 4358 439 4439 msicemexhibuit.
487 4359 571 4459 Ego
584 4371 719 4444 autem,
734 4355 1083 4431 medicamentorum

89 4474 307 4576 ripotiones‚
333 4488 370 4550 et
387 4473 511 4548 alvum
538 4474 625 4547 duci
641 4495 716 4546 non
741 4471 810 4544 nisi
834 4492 915 4543 raro
937 4467 1084 4556 debere,

89 4590 221 4667 medo:
248 4601 289 4664 et
304 4588 343 4662 id
360 4612 434 4663 non
451 4587 536 4662 ideo
552 4599 674 4662 tamen
696 4580 892 4683 agendum,
919 4593 963 4654 ut
986 4580 1087 4677 aegri

89 4728 127 4781 es
142 4701 410 4793 convellantur,
429 4701 623 4790 existim03
649 4699 819 4799 quoniam
837 4689 1087 4844 ex²imbecilli
