2858 5296
330 359 380 439 72
701 374 738 422 a.
755 372 870 424 sonu.
889 371 993 423 crass

330 551 424 624 hauc
440 551 665 624 curationem
688 573 755 648 per
775 559 894 624 totum
920 548 958 623 id
982 548 1108 646 exigit,
1135 547 1192 623 brr

328 663 441 739 debet
460 675 504 738 et
526 661 668 752 lenior3
703 674 749 737 ut
776 659 1031 737 tantummodo
1056 683 1192 734 summa

328 773 501 862 emolliat,
527 799 602 874 quo
626 773 768 849 facilius
794 798 911 873 capax
936 798 984 848 ex
1003 768 1191 848 'recentia'

329 889 500 963 materiae
516 887 590 962 fiat.
643 885 688 961 In
706 885 809 960 malis
818 886 897 986 jam
915 910 1066 984 aegrum
1084 909 1173 972 esse,

328 1003 402 1075 rior
417 1025 501 1100 pars
516 1001 677 1099 corporis
701 997 822 1096 friget,
847 1000 997 1074 interior
1012 1023 1100 1072 cum
1117 998 1177 1073 siti

328 1138 395 1212 pra
418 1113 533 1212 posui.
584 1111 657 1187 Sed
687 1123 777 1186 tunc
802 1135 950 1211 quoque
975 1111 1126 1186 unicum
1151 1112 1189 1185 iu

329 1227 548 1326 praesidium
565 1237 644 1311 est;
670 1248 765 1323 quae
783 1227 815 1298 si
832 1224 990 1300 calorem
1007 1226 1045 1298 in
1063 1236 1187 1300 cutem

329 1350 450 1438 potest
465 1338 574 1413 alicui
590 1337 793 1413 medicinae
810 1337 933 1412 locum
951 1336 1083 1414 facere.

139 1457 147 1465 '
258 1468 264 1482 ·
379 1451 466 1526 XV.
493 1450 662 1526 Gestatio
696 1476 843 1551 quoque
872 1451 993 1550 longis
1026 1464 1065 1526 et
1090 1449 1169 1549 jam

328 1566 463 1640 morbis
480 1566 664 1663 aptissima
679 1577 757 1639 est:
784 1566 954 1664 utilisque
972 1577 1029 1639 est
1044 1575 1083 1638 et
1098 1564 1141 1637 iis
1157 1586 1187 1636 o

329 1703 422 1778 quae
440 1678 519 1778 jam
537 1703 585 1753 ex
604 1691 682 1754 toto
699 1678 802 1753 febre
820 1691 957 1764 carent,
983 1677 1047 1752 sed
1072 1675 1187 1752 adhuc

327 1816 393 1892 per
410 1802 455 1867 se'
465 1816 539 1866 non
557 1806 710 1891 possunt
724 1824 734 1885 ;
762 1806 801 1868 et
817 1795 871 1878 iis,
889 1794 1021 1890 quibus
1036 1789 1187 1865 lentaer

329 1905 505 2005 reliquiae
529 1917 730 1992 remanent,
750 1931 871 2004 neque
888 1906 992 1980 aliter
1008 1904 1187 1979 eliduntm

325 2019 451 2118 piades
467 2022 577 2094 etiam
594 2021 632 2092 in
648 2021 789 2095 recenti
805 2019 1098 2116 vehementique,
1113 2041 1186 2116 prat

327 2131 478 2206 ardente
495 2130 608 2218 febre,
624 2130 672 2205 ad
684 2131 951 2206 discutiendam
965 2155 1058 2214 eam,
1072 2141 1186 2228 gestat

327 2243 506 2318 utendum
520 2251 550 2317 :⁸
574 2243 640 2318 sed
663 2244 703 2318 id
725 2245 927 2342 periculose
944 2244 1007 2329 fit;
1031 2242 1186 2341 meliusq

325 2355 502 2456 ejusmodi
528 2357 687 2455 impetus
710 2359 919 2433 sustinetur.
972 2357 1108 2456 Siquis
1131 2369 1186 2431 tau

325 2471 388 2544 riri
412 2468 521 2555 volet,
540 2471 592 2543 sic
610 2473 827 2569 experiatur,
856 2474 886 2545 si
911 2470 1037 2569 lingua
1062 2493 1135 2543 non
1154 2493 1186 2544 er

325 2584 356 2656 si
373 2582 495 2658 nullus
512 2596 643 2670 tumor,
663 2584 763 2657 nulla
780 2584 941 2669 durities,
969 2583 1090 2656 nullus
1114 2581 1186 2657 doh

324 2699 404 2786 bus,
425 2709 489 2773 aut
505 2700 628 2797 capiti,
647 2711 711 2773 aut
727 2697 945 2797 praecordiis
963 2698 1111 2770 suberit
1155 2695 1185 2769 E

324 2835 513 2909 nunquam
527 2815 660 2909 gestari
673 2837 804 2911 corpus
816 2810 942 2886 dolens
960 2811 1081 2894 debet,
1100 2812 1174 2883 sive

325 2925 400 2997 sive
418 2927 454 2995 iu
473 2937 575 3022 parte
588 2938 666 3015 est;
686 2927 754 2997 nisi
768 2938 890 2999 tamen
907 2924 991 2997 solis
1009 2924 1128 2997 nervis
1144 2921 1186 2996 dc

323 3059 443 3132 neque
465 3059 627 3132 unquam
652 3039 878 3112 increscente
904 3037 1016 3122 febre,
1034 3036 1099 3111 sed
1116 3037 1153 3109 in
1170 3061 1186 3109 r

322 3147 411 3244 ejus.
464 3146 613 3221 Genera
637 3160 759 3221 autem
780 3152 990 3246 gestationis
1016 3152 1121 3249 plura
1145 3174 1186 3223 su

322 3258 529 3333 adhibenda
546 3271 632 3335 sunt
648 3272 686 3334 et
702 3286 768 3359 pro
786 3263 921 3336 viribus
939 3263 1128 3363 cujusque,
1154 3274 1186 3336 el

320 3373 411 3459 bus3
439 3397 486 3446 ne
512 3389 577 3446 aut
600 3373 823 3447 imbecillum
850 3375 1035 3450 hominem
1060 3376 1168 3449 ninus

189 3493 250 3542 νὴ·
321 3498 385 3562 aut
402 3486 529 3560 humili
547 3486 676 3561 desint
727 3487 929 3563 Lenissima
943 3501 998 3562 est
1010 3490 1105 3575 navi,
1120 3488 1181 3562 vel

321 3599 378 3674 vel
403 3601 443 3674 in
468 3600 641 3692 flumine3
677 3601 926 3676 vehementior
950 3601 1010 3676 vel
1034 3604 1072 3674 in
1097 3600 1173 3676 alto

186 3727 283 3777 oscus.
319 3736 377 3798 ve,
397 3712 454 3786 vel
472 3712 626 3805 lectica,
655 3716 854 3788 etiamnum
879 3716 996 3788 acrior
1013 3714 1187 3789 vehiculo.

320 3823 411 3898 baec
429 3827 506 3923 ipsa
523 3839 561 3901 et
577 3827 718 3900 intendi
736 3840 773 3901 et
791 3827 895 3901 leniri
917 3841 1080 3928 possunt.
1133 3828 1172 3901 Si

220 3964 235 4013 i.
320 3961 400 4010 rum
428 3951 493 4025 est,
522 3939 691 4038 suspendi
719 3941 836 4015 lectus
862 3941 983 4029 debet,
1011 3955 1049 4015 et
1074 3965 1188 4016 mover

319 4050 359 4123 id
376 4049 523 4147 quidem
549 4065 615 4137 est,
640 4064 678 4125 at
703 4069 802 4128 certe
828 4057 892 4126 uni
912 4055 997 4153 pedi
1021 4055 1189 4153 subjiciet.

319 4167 512 4239 mentumb
540 4177 606 4251 est,
634 4179 743 4265 atque
769 4169 819 4241 ita
846 4167 960 4242 lectus
987 4168 1059 4244 huc
1085 4181 1125 4243 et
1149 4169 1188 4243 ill

319 4276 570 4376 impellendus.
623 4277 673 4352 Et
694 4279 787 4354 levia
814 4282 961 4378 quidem
986 4307 1121 4380 genera
1147 4306 1190 4356 ex

319 4394 375 4465 nis
391 4390 542 4466 infirmis
559 4395 803 4468 conveniunt:
828 4394 1028 4469 valentiora
1044 4421 1131 4468 vero
1148 4397 1190 4468 iis

391 4544 404 4572 ⁸
423 4543 463 4596 Ut
474 4560 560 4615 nuper
570 4543 641 4613 apud
654 4562 702 4600 nos
714 4545 874 4600 clarissimus
887 4547 921 4600 R.
933 4547 1052 4602 Jucxson·
1060 4567 1067 4612 ;
1094 4548 1138 4601 Oa
1151 4549 1191 4602 Fe

386 4626 401 4663 b
422 4627 462 4680 lta
475 4628 539 4683 God.
554 4628 617 4681 Med
639 4628 658 4681 Ι.
