<?xml version="1.0" encoding="UTF-8"?>
<!DOCTYPE html PUBLIC "-//W3C//DTD XHTML 1.0 Transitional//EN"
    "http://www.w3.org/TR/xhtml1/DTD/xhtml1-transitional.dtd">
<html xmlns="http://www.w3.org/1999/xhtml" xml:lang="en" lang="en">
 <head>
  <title>
</title>
<meta http-equiv="Content-Type" content="text/html;charset=utf-8" />
  <meta name='ocr-system' content='tesseract 3.04.00' />
  <meta name='ocr-capabilities' content='ocr_page ocr_carea ocr_par ocr_line ocrx_word'/>
</head>
<body>
  <div class='ocr_page' id='page_1' title='image "acorncelsimedic00targgoog_0117.png"; bbox 0 0 2858 5296; ppageno 0'>
   <div class='ocr_carea' id='block_1_1' title="bbox 357 306 1034 390">
    <p class='ocr_par' dir='ltr' id='par_1_1' title="bbox 357 306 1034 390">
     <span class='ocr_line' id='line_1_1' title="bbox 357 306 1034 390; baseline -0.006 -8"><span class='ocrx_word' id='word_1_1' title='bbox 357 306 407 390; x_wconf 82' lang='lat'><strong>96</strong></span> <span class='ocrx_word' id='word_1_2' title='bbox 742 334 777 380; x_wconf 76' lang='lat' dir='ltr'><strong>s.</strong></span> <span class='ocrx_word' id='word_1_3' title='bbox 797 330 906 380; x_wconf 66' lang='lat' dir='ltr'><strong>court.</strong></span> <span class='ocrx_word' id='word_1_4' title='bbox 928 326 1034 380; x_wconf 81' lang='lat' dir='ltr'><strong>cutsr</strong></span> 
     </span>
    </p>
   </div>
   <div class='ocr_carea' id='block_1_2' title="bbox 282 501 1183 4342">
    <p class='ocr_par' dir='ltr' id='par_1_2' title="bbox 357 501 1177 2191">
     <span class='ocr_line' id='line_1_2' title="bbox 357 501 1177 605; baseline -0.006 -25"><span class='ocrx_word' id='word_1_5' title='bbox 357 517 432 580; x_wconf 82' lang='lat' dir='ltr'><strong>tate</strong></span> <span class='ocrx_word' id='word_1_6' title='bbox 449 529 630 580; x_wconf 87' lang='lat' dir='ltr'><strong>summum</strong></span> <span class='ocrx_word' id='word_1_7' title='bbox 647 504 849 605; x_wconf 90' lang='lat' dir='ltr'><strong>periculum</strong></span> <span class='ocrx_word' id='word_1_8' title='bbox 878 514 944 580; x_wconf 90' lang='lat' dir='ltr'><strong>est.</strong></span> <span class='ocrx_word' id='word_1_9' title='bbox 995 501 1120 577; x_wconf 89' lang='lat' dir='ltr'><strong>Minui</strong></span> <span class='ocrx_word' id='word_1_10' title='bbox 1144 526 1177 576; x_wconf 88' lang='lat' dir='ltr'><strong>er</strong></span> 
     </span>
     <span class='ocr_line' id='line_1_3' title="bbox 357 621 1177 717; baseline -0.001 -25"><span class='ocrx_word' id='word_1_11' title='bbox 357 621 545 693; x_wconf 84' lang='lat' dir='ltr'>materiam</span> <span class='ocrx_word' id='word_1_12' title='bbox 562 637 791 717; x_wconf 85' lang='lat' dir='ltr'><strong>superantem</strong></span> <span class='ocrx_word' id='word_1_13' title='bbox 808 629 962 717; x_wconf 84' lang='lat' dir='ltr'><strong>oportet,</strong></span> <span class='ocrx_word' id='word_1_14' title='bbox 989 640 1084 717; x_wconf 89' lang='lat' dir='ltr'><strong>quae</strong></span> <span class='ocrx_word' id='word_1_15' title='bbox 1114 628 1177 691; x_wconf 86' lang='lat' dir='ltr'><strong>nat</strong></span> 
     </span>
     <span class='ocr_line' id='line_1_4' title="bbox 357 729 1177 829; baseline -0.002 -25"><span class='ocrx_word' id='word_1_16' title='bbox 357 733 507 829; x_wconf 82' lang='lat' dir='ltr'><strong>geritur,</strong></span> <span class='ocrx_word' id='word_1_17' title='bbox 528 732 591 806; x_wconf 92' lang='lat' dir='ltr'><strong>ubi</strong></span> <span class='ocrx_word' id='word_1_18' title='bbox 607 731 698 805; x_wconf 92' lang='lat' dir='ltr'><strong>nihil</strong></span> <span class='ocrx_word' id='word_1_19' title='bbox 715 733 800 806; x_wconf 91' lang='lat' dir='ltr'><strong>novi</strong></span> <span class='ocrx_word' id='word_1_20' title='bbox 816 730 969 806; x_wconf 79' lang='lat' dir='ltr'><strong>accedit.</strong></span> <span class='ocrx_word' id='word_1_21' title='bbox 1021 729 1177 827; x_wconf 76' lang='lat' dir='ltr'><strong>Itaquet</strong></span> 
     </span>
     <span class='ocr_line' id='line_1_5' title="bbox 358 843 1176 943; baseline -0.002 -25"><span class='ocrx_word' id='word_1_22' title='bbox 358 868 381 918; x_wconf 87' lang='lat' dir='ltr'><strong>a</strong></span> <span class='ocrx_word' id='word_1_23' title='bbox 404 846 488 919; x_wconf 87' lang='lat' dir='ltr'><strong>cibo</strong></span> <span class='ocrx_word' id='word_1_24' title='bbox 508 846 631 943; x_wconf 89' lang='lat' dir='ltr'><strong>primis</strong></span> <span class='ocrx_word' id='word_1_25' title='bbox 656 845 784 919; x_wconf 91' lang='lat' dir='ltr'><strong>diebus</strong></span> <span class='ocrx_word' id='word_1_26' title='bbox 809 857 874 931; x_wconf 88' lang='lat' dir='ltr'><strong>est,</strong></span> <span class='ocrx_word' id='word_1_27' title='bbox 902 846 940 918; x_wconf 92' lang='lat' dir='ltr'><strong>in</strong></span> <span class='ocrx_word' id='word_1_28' title='bbox 967 843 1050 918; x_wconf 90' lang='lat' dir='ltr'><strong>luce</strong></span> <span class='ocrx_word' id='word_1_29' title='bbox 1071 843 1176 917; x_wconf 84' lang='lat' dir='ltr'><strong>haber</strong></span> 
     </span>
     <span class='ocr_line' id='line_1_6' title="bbox 358 957 1174 1055; baseline -0.001 -25"><span class='ocrx_word' id='word_1_30' title='bbox 358 959 428 1031; x_wconf 91' lang='lat' dir='ltr'><strong>nisi</strong></span> <span class='ocrx_word' id='word_1_31' title='bbox 444 957 617 1044; x_wconf 90' lang='lat' dir='ltr'><strong>infirmus,</strong></span> <span class='ocrx_word' id='word_1_32' title='bbox 636 958 794 1032; x_wconf 83' lang='lat' dir='ltr'><strong>interdiu</strong></span> <span class='ocrx_word' id='word_1_33' title='bbox 813 970 877 1044; x_wconf 90' lang='lat' dir='ltr'><strong>est,</strong></span> <span class='ocrx_word' id='word_1_34' title='bbox 898 958 1068 1055; x_wconf 90' lang='lat' dir='ltr'><strong>quoniam</strong></span> <span class='ocrx_word' id='word_1_35' title='bbox 1085 979 1174 1055; x_wconf 91' lang='lat' dir='ltr'><strong>corp</strong></span> 
     </span>
     <span class='ocr_line' id='line_1_7' title="bbox 359 1074 1176 1172; baseline -0.004 -24"><span class='ocrx_word' id='word_1_36' title='bbox 359 1099 432 1172; x_wconf 90' lang='lat' dir='ltr'><strong>que</strong></span> <span class='ocrx_word' id='word_1_37' title='bbox 450 1074 606 1172; x_wconf 88' lang='lat' dir='ltr'><strong>digerit;</strong></span> <span class='ocrx_word' id='word_1_38' title='bbox 634 1076 737 1171; x_wconf 92' lang='lat' dir='ltr'><strong>isque</strong></span> <span class='ocrx_word' id='word_1_39' title='bbox 754 1074 890 1148; x_wconf 91' lang='lat' dir='ltr'><strong>cubare</strong></span> <span class='ocrx_word' id='word_1_40' title='bbox 918 1098 1029 1172; x_wconf 90' lang='lat' dir='ltr'><strong>quarn</strong></span> <span class='ocrx_word' id='word_1_41' title='bbox 1055 1074 1176 1147; x_wconf 82' lang='lat' dir='ltr'><strong>maxin</strong></span> 
     </span>
     <span class='ocr_line' id='line_1_8' title="bbox 359 1186 1175 1284; baseline -0.001 -24"><span class='ocrx_word' id='word_1_42' title='bbox 359 1187 480 1262; x_wconf 89' lang='lat' dir='ltr'><strong>debet.</strong></span> <span class='ocrx_word' id='word_1_43' title='bbox 532 1187 643 1274; x_wconf 89' lang='lat' dir='ltr'><strong>Quod</strong></span> <span class='ocrx_word' id='word_1_44' title='bbox 660 1186 707 1260; x_wconf 90' lang='lat' dir='ltr'><strong>ad</strong></span> <span class='ocrx_word' id='word_1_45' title='bbox 725 1190 821 1261; x_wconf 91' lang='lat' dir='ltr'><strong>sitim</strong></span> <span class='ocrx_word' id='word_1_46' title='bbox 849 1211 937 1261; x_wconf 91' lang='lat' dir='ltr'><strong>vero</strong></span> <span class='ocrx_word' id='word_1_47' title='bbox 968 1209 1175 1284; x_wconf 86' lang='lat' dir='ltr'><strong>somnumqt</strong></span> 
     </span>
     <span class='ocr_line' id='line_1_9' title="bbox 357 1298 1175 1398; baseline -0.005 -24"><span class='ocrx_word' id='word_1_48' title='bbox 357 1299 621 1374; x_wconf 88' lang='lat' dir='ltr'><strong>moderandum</strong></span> <span class='ocrx_word' id='word_1_49' title='bbox 639 1313 704 1387; x_wconf 90' lang='lat' dir='ltr'><strong>est,</strong></span> <span class='ocrx_word' id='word_1_50' title='bbox 724 1313 765 1374; x_wconf 90' lang='lat' dir='ltr'><strong>ut</strong></span> <span class='ocrx_word' id='word_1_51' title='bbox 782 1300 940 1374; x_wconf 91' lang='lat' dir='ltr'><strong>interdiu</strong></span> <span class='ocrx_word' id='word_1_52' title='bbox 961 1298 1113 1398; x_wconf 73' lang='lat' dir='ltr'><strong>vigilet,</strong></span> <span class='ocrx_word' id='word_1_53' title='bbox 1141 1322 1175 1371; x_wconf 76' lang='lat' dir='ltr'><strong>nr</strong></span> 
     </span>
     <span class='ocr_line' id='line_1_10' title="bbox 357 1416 1175 1512; baseline -0.004 -25"><span class='ocrx_word' id='word_1_54' title='bbox 357 1425 489 1512; x_wconf 88' lang='lat' dir='ltr'><strong>potest,</strong></span> <span class='ocrx_word' id='word_1_55' title='bbox 508 1416 769 1511; x_wconf 86' lang='lat' dir='ltr'><strong>conquiescat:</strong></span> <span class='ocrx_word' id='word_1_56' title='bbox 798 1438 840 1487; x_wconf 89' lang='lat' dir='ltr'><strong>ac</strong></span> <span class='ocrx_word' id='word_1_57' title='bbox 858 1437 978 1510; x_wconf 93' lang='lat' dir='ltr'><strong>neque</strong></span> <span class='ocrx_word' id='word_1_58' title='bbox 990 1423 1105 1510; x_wconf 84' lang='lat' dir='ltr'><strong>potet,</strong></span> <span class='ocrx_word' id='word_1_59' title='bbox 1117 1435 1175 1484; x_wconf 80' lang='lat' dir='ltr'><strong>ner</strong></span> 
     </span>
     <span class='ocr_line' id='line_1_11' title="bbox 358 1524 1175 1624; baseline -0.002 -25"><span class='ocrx_word' id='word_1_60' title='bbox 358 1528 417 1600; x_wconf 91' lang='lat' dir='ltr'><strong>siti</strong></span> <span class='ocrx_word' id='word_1_61' title='bbox 442 1528 635 1600; x_wconf 82' lang='lat' dir='ltr'><strong>crucietur.</strong></span> <span class='ocrx_word' id='word_1_62' title='bbox 686 1524 741 1601; x_wconf 92' lang='lat' dir='ltr'><strong>Os</strong></span> <span class='ocrx_word' id='word_1_63' title='bbox 768 1528 876 1600; x_wconf 89' lang='lat' dir='ltr'><strong>etiam</strong></span> <span class='ocrx_word' id='word_1_64' title='bbox 907 1525 985 1624; x_wconf 89' lang='lat' dir='ltr'><strong>ejus</strong></span> <span class='ocrx_word' id='word_1_65' title='bbox 1014 1525 1089 1599; x_wconf 88' lang='lat' dir='ltr'><strong>elui</strong></span> <span class='ocrx_word' id='word_1_66' title='bbox 1120 1543 1175 1622; x_wconf 84' lang='lat' dir='ltr'><strong>pot</strong></span> 
     </span>
     <span class='ocr_line' id='line_1_12' title="bbox 358 1636 1175 1739; baseline -0.004 -27"><span class='ocrx_word' id='word_1_67' title='bbox 358 1640 496 1713; x_wconf 89' lang='lat' dir='ltr'><strong>siccum</strong></span> <span class='ocrx_word' id='word_1_68' title='bbox 514 1651 579 1726; x_wconf 82' lang='lat' dir='ltr'><strong>est,</strong></span> <span class='ocrx_word' id='word_1_69' title='bbox 598 1652 636 1713; x_wconf 90' lang='lat' dir='ltr'><strong>et</strong></span> <span class='ocrx_word' id='word_1_70' title='bbox 649 1641 716 1739; x_wconf 89' lang='lat' dir='ltr'><strong>ipsi</strong></span> <span class='ocrx_word' id='word_1_71' title='bbox 729 1638 870 1730; x_wconf 83' lang='lat' dir='ltr'><strong>foetet3</strong></span> <span class='ocrx_word' id='word_1_72' title='bbox 899 1640 1062 1737; x_wconf 90' lang='lat' dir='ltr'><strong>quamvis</strong></span> <span class='ocrx_word' id='word_1_73' title='bbox 1075 1636 1114 1709; x_wconf 94' lang='lat' dir='ltr'><strong>id</strong></span> <span class='ocrx_word' id='word_1_74' title='bbox 1127 1648 1175 1711; x_wconf 88' lang='lat' dir='ltr'><strong>ter</strong></span> 
     </span>
     <span class='ocr_line' id='line_1_13' title="bbox 359 1751 1175 1850; baseline -0.001 -24"><span class='ocrx_word' id='word_1_75' title='bbox 359 1753 501 1850; x_wconf 91' lang='lat' dir='ltr'><strong>potioni</strong></span> <span class='ocrx_word' id='word_1_76' title='bbox 519 1776 592 1826; x_wconf 90' lang='lat' dir='ltr'><strong>non</strong></span> <span class='ocrx_word' id='word_1_77' title='bbox 621 1767 686 1828; x_wconf 82' lang='lat' dir='ltr'><strong>est</strong></span> <span class='ocrx_word' id='word_1_78' title='bbox 738 1752 1013 1849; x_wconf 91' lang='lat' dir='ltr'><strong>Commodeque</strong></span> <span class='ocrx_word' id='word_1_79' title='bbox 1040 1751 1175 1825; x_wconf 84' lang='lat' dir='ltr'><strong>Erasist</strong></span> 
     </span>
     <span class='ocr_line' id='line_1_14' title="bbox 359 1866 1175 1965; baseline -0.004 -26"><span class='ocrx_word' id='word_1_80' title='bbox 359 1888 478 1964; x_wconf 82' lang='lat' dir='ltr'><strong>saepe,</strong></span> <span class='ocrx_word' id='word_1_81' title='bbox 497 1867 666 1941; x_wconf 92' lang='lat' dir='ltr'><strong>interiore</strong></span> <span class='ocrx_word' id='word_1_82' title='bbox 683 1882 785 1965; x_wconf 88' lang='lat' dir='ltr'><strong>parte</strong></span> <span class='ocrx_word' id='word_1_83' title='bbox 803 1866 992 1939; x_wconf 90' lang='lat' dir='ltr'><strong>humorem</strong></span> <span class='ocrx_word' id='word_1_84' title='bbox 1023 1887 1097 1938; x_wconf 92' lang='lat' dir='ltr'><strong>non</strong></span> <span class='ocrx_word' id='word_1_85' title='bbox 1125 1887 1175 1936; x_wconf 80' lang='lat' dir='ltr'><strong>rer</strong></span> 
     </span>
     <span class='ocr_line' id='line_1_15' title="bbox 359 1975 1173 2077; baseline -0.005 -24"><span class='ocrx_word' id='word_1_86' title='bbox 359 1991 398 2053; x_wconf 91' lang='lat' dir='ltr'><strong>et</strong></span> <span class='ocrx_word' id='word_1_87' title='bbox 414 1978 538 2054; x_wconf 89' lang='lat' dir='ltr'><strong>fauces</strong></span> <span class='ocrx_word' id='word_1_88' title='bbox 555 1981 760 2077; x_wconf 88' lang='lat' dir='ltr'><strong>requirere;</strong></span> <span class='ocrx_word' id='word_1_89' title='bbox 791 2003 912 2076; x_wconf 88' lang='lat' dir='ltr'><strong>neque</strong></span> <span class='ocrx_word' id='word_1_90' title='bbox 929 1977 976 2051; x_wconf 87' lang='lat' dir='ltr'><strong>ad</strong></span> <span class='ocrx_word' id='word_1_91' title='bbox 993 2002 1081 2064; x_wconf 89' lang='lat' dir='ltr'><strong>rem,</strong></span> <span class='ocrx_word' id='word_1_92' title='bbox 1100 1975 1173 2049; x_wconf 91' lang='lat' dir='ltr'><strong>mal</strong></span> 
     </span>
     <span class='ocr_line' id='line_1_16' title="bbox 359 2093 687 2191; baseline 0 -27"><span class='ocrx_word' id='word_1_93' title='bbox 359 2116 478 2189; x_wconf 85' lang='lat' dir='ltr'><strong>grum,</strong></span> <span class='ocrx_word' id='word_1_94' title='bbox 496 2093 687 2191; x_wconf 89' lang='lat' dir='ltr'><strong>pertinere.</strong></span> 
     </span>
    </p>

    <p class='ocr_par' dir='ltr' id='par_1_3' title="bbox 282 2203 1183 4342">
     <span class='ocr_line' id='line_1_17' title="bbox 411 2203 1165 2302; baseline 0.001 -25"><span class='ocrx_word' id='word_1_95' title='bbox 411 2203 471 2277; x_wconf 91' lang='lat' dir='ltr'><strong>Ac</strong></span> <span class='ocrx_word' id='word_1_96' title='bbox 497 2206 614 2302; x_wconf 89' lang='lat' dir='ltr'><strong>primo</strong></span> <span class='ocrx_word' id='word_1_97' title='bbox 639 2203 787 2302; x_wconf 91' lang='lat' dir='ltr'><strong>quidem</strong></span> <span class='ocrx_word' id='word_1_98' title='bbox 812 2206 864 2279; x_wconf 91' lang='lat' dir='ltr'><strong>sic</strong></span> <span class='ocrx_word' id='word_1_99' title='bbox 894 2203 1075 2279; x_wconf 88' lang='lat' dir='ltr'><strong>tenendus</strong></span> <span class='ocrx_word' id='word_1_100' title='bbox 1099 2215 1165 2278; x_wconf 81' lang='lat' dir='ltr'><strong>est</strong></span> 
     </span>
     <span class='ocr_line' id='line_1_18' title="bbox 361 2316 1176 2416; baseline -0.001 -24"><span class='ocrx_word' id='word_1_101' title='bbox 361 2340 448 2392; x_wconf 92' lang='lat' dir='ltr'><strong>vero</strong></span> <span class='ocrx_word' id='word_1_102' title='bbox 477 2316 782 2391; x_wconf 84' lang='lat' dir='ltr'><strong>medicamentum</strong></span> <span class='ocrx_word' id='word_1_103' title='bbox 813 2331 880 2406; x_wconf 91' lang='lat' dir='ltr'><strong>est,</strong></span> <span class='ocrx_word' id='word_1_104' title='bbox 909 2332 1114 2416; x_wconf 87' lang='lat' dir='ltr'><strong>opportune</strong></span> <span class='ocrx_word' id='word_1_105' title='bbox 1144 2319 1176 2391; x_wconf 91' lang='lat' dir='ltr'><strong>ci</strong></span> 
     </span>
     <span class='ocr_line' id='line_1_19' title="bbox 361 2430 1175 2530; baseline 0.001 -27"><span class='ocrx_word' id='word_1_106' title='bbox 361 2432 425 2530; x_wconf 94' lang='lat' dir='ltr'><strong>qui</strong></span> <span class='ocrx_word' id='word_1_107' title='bbox 442 2430 589 2528; x_wconf 90' lang='lat' dir='ltr'><strong>quando</strong></span> <span class='ocrx_word' id='word_1_108' title='bbox 604 2431 761 2529; x_wconf 91' lang='lat' dir='ltr'><strong>primum</strong></span> <span class='ocrx_word' id='word_1_109' title='bbox 780 2430 857 2504; x_wconf 90' lang='lat' dir='ltr'><strong>dari</strong></span> <span class='ocrx_word' id='word_1_110' title='bbox 883 2431 1025 2519; x_wconf 86' lang='lat' dir='ltr'><strong>debeat,</strong></span> <span class='ocrx_word' id='word_1_111' title='bbox 1053 2431 1175 2530; x_wconf 89' lang='lat' dir='ltr'><strong>quaeri</strong></span> 
     </span>
     <span class='ocr_line' id='line_1_20' title="bbox 363 2542 1148 2643; baseline 0.001 -26"><span class='ocrx_word' id='word_1_112' title='bbox 363 2569 436 2643; x_wconf 93' lang='lat' dir='ltr'><strong>que</strong></span> <span class='ocrx_word' id='word_1_113' title='bbox 465 2546 696 2642; x_wconf 71' lang='lat' dir='ltr'><strong>estantiquis</strong></span> <span class='ocrx_word' id='word_1_114' title='bbox 725 2542 828 2618; x_wconf 89' lang='lat' dir='ltr'><strong>tarde</strong></span> <span class='ocrx_word' id='word_1_115' title='bbox 858 2544 1006 2629; x_wconf 89' lang='lat' dir='ltr'><strong>dabant,</strong></span> <span class='ocrx_word' id='word_1_116' title='bbox 1041 2569 1148 2642; x_wconf 90' lang='lat' dir='ltr'><strong>saepe</strong></span> 
     </span>
     <span class='ocr_line' id='line_1_21' title="bbox 366 2656 1175 2757; baseline 0 -26"><span class='ocrx_word' id='word_1_117' title='bbox 366 2683 473 2757; x_wconf 88' lang='lat' dir='ltr'><strong>saepe</strong></span> <span class='ocrx_word' id='word_1_118' title='bbox 490 2670 617 2732; x_wconf 82' lang='lat' dir='ltr'><strong>sexto:</strong></span> <span class='ocrx_word' id='word_1_119' title='bbox 645 2671 682 2732; x_wconf 88' lang='lat' dir='ltr'><strong>et</strong></span> <span class='ocrx_word' id='word_1_120' title='bbox 698 2658 737 2731; x_wconf 91' lang='lat' dir='ltr'><strong>id</strong></span> <span class='ocrx_word' id='word_1_121' title='bbox 753 2656 903 2732; x_wconf 89' lang='lat' dir='ltr'><strong>fortasse</strong></span> <span class='ocrx_word' id='word_1_122' title='bbox 922 2658 979 2732; x_wconf 92' lang='lat' dir='ltr'><strong>vel</strong></span> <span class='ocrx_word' id='word_1_123' title='bbox 1005 2659 1042 2731; x_wconf 91' lang='lat' dir='ltr'><strong>in</strong></span> <span class='ocrx_word' id='word_1_124' title='bbox 1074 2658 1175 2746; x_wconf 85' lang='lat' dir='ltr'><strong>Asia,</strong></span> 
     </span>
     <span class='ocr_line' id='line_1_22' title="bbox 368 2771 1170 2871; baseline -0.001 -26"><span class='ocrx_word' id='word_1_125' title='bbox 368 2785 494 2871; x_wconf 83' lang='lat' dir='ltr'><strong>gypt0,</strong></span> <span class='ocrx_word' id='word_1_126' title='bbox 514 2771 606 2846; x_wconf 91' lang='lat' dir='ltr'><strong>coeli</strong></span> <span class='ocrx_word' id='word_1_127' title='bbox 620 2774 710 2845; x_wconf 89' lang='lat' dir='ltr'><strong>ratio</strong></span> <span class='ocrx_word' id='word_1_128' title='bbox 723 2771 868 2870; x_wconf 87' lang='lat' dir='ltr'><strong>patitur.</strong></span> <span class='ocrx_word' id='word_1_129' title='bbox 921 2771 1170 2870; x_wconf 88' lang='lat' dir='ltr'><strong>Asclepiades,</strong></span> 
     </span>
     <span class='ocr_line' id='line_1_23' title="bbox 367 2884 1176 2984; baseline -0.002 -25"><span class='ocrx_word' id='word_1_130' title='bbox 367 2885 489 2959; x_wconf 89' lang='lat' dir='ltr'><strong>triduo</strong></span> <span class='ocrx_word' id='word_1_131' title='bbox 505 2910 571 2982; x_wconf 89' lang='lat' dir='ltr'><strong>per</strong></span> <span class='ocrx_word' id='word_1_132' title='bbox 587 2887 708 2958; x_wconf 91' lang='lat' dir='ltr'><strong>omnia</strong></span> <span class='ocrx_word' id='word_1_133' title='bbox 724 2885 949 2984; x_wconf 86' lang='lat' dir='ltr'><strong>fatigaverat,</strong></span> <span class='ocrx_word' id='word_1_134' title='bbox 976 2898 1106 2983; x_wconf 88' lang='lat' dir='ltr'><strong>quarto</strong></span> <span class='ocrx_word' id='word_1_135' title='bbox 1131 2884 1176 2958; x_wconf 74' lang='lat' dir='ltr'><strong>dit</strong></span> 
     </span>
     <span class='ocr_line' id='line_1_24' title="bbox 366 2995 1176 3096; baseline 0.005 -29"><span class='ocrx_word' id='word_1_136' title='bbox 366 2997 488 3070; x_wconf 82' lang='lat' dir='ltr'><strong>nabat</strong></span> <span class='ocrx_word' id='word_1_137' title='bbox 542 2995 597 3071; x_wconf 87' lang='lat' dir='ltr'><strong>At</strong></span> <span class='ocrx_word' id='word_1_138' title='bbox 615 2998 814 3071; x_wconf 91' lang='lat' dir='ltr'><strong>Themison</strong></span> <span class='ocrx_word' id='word_1_139' title='bbox 833 3021 960 3096; x_wconf 91' lang='lat' dir='ltr'><strong>nuper,</strong></span> <span class='ocrx_word' id='word_1_140' title='bbox 980 3024 1052 3071; x_wconf 91' lang='lat' dir='ltr'><strong>non</strong></span> <span class='ocrx_word' id='word_1_141' title='bbox 1072 3023 1176 3096; x_wconf 72' lang='lat' dir='ltr'><strong>quant</strong></span> 
     </span>
     <span class='ocr_line' id='line_1_25' title="bbox 367 3105 1177 3205; baseline 0.006 -26"><span class='ocrx_word' id='word_1_142' title='bbox 367 3105 486 3194; x_wconf 90' lang='lat' dir='ltr'><strong>febris,</strong></span> <span class='ocrx_word' id='word_1_143' title='bbox 507 3107 571 3181; x_wconf 92' lang='lat' dir='ltr'><strong>sed</strong></span> <span class='ocrx_word' id='word_1_144' title='bbox 589 3110 735 3205; x_wconf 89' lang='lat' dir='ltr'><strong>quando</strong></span> <span class='ocrx_word' id='word_1_145' title='bbox 755 3111 916 3197; x_wconf 83' lang='lat' dir='ltr'><strong>desisset,</strong></span> <span class='ocrx_word' id='word_1_146' title='bbox 943 3125 1007 3185; x_wconf 88' lang='lat' dir='ltr'><strong>aut</strong></span> <span class='ocrx_word' id='word_1_147' title='bbox 1036 3125 1134 3186; x_wconf 90' lang='lat' dir='ltr'><strong>certe</strong></span> <span class='ocrx_word' id='word_1_148' title='bbox 1162 3110 1177 3184; x_wconf 89' lang='grc' dir='ltr'>Ι</span> 
     </span>
     <span class='ocr_line' id='line_1_26' title="bbox 282 3220 1174 3323; baseline 0.007 -31"><span class='ocrx_word' id='word_1_149' title='bbox 282 3226 288 3244; x_wconf 79' lang='grc'><strong>“</strong></span> <span class='ocrx_word' id='word_1_150' title='bbox 367 3220 643 3294; x_wconf 87' lang='lat' dir='ltr'><strong>considerabat:</strong></span> <span class='ocrx_word' id='word_1_151' title='bbox 673 3234 710 3295; x_wconf 91' lang='lat' dir='ltr'><strong>et</strong></span> <span class='ocrx_word' id='word_1_152' title='bbox 727 3223 773 3296; x_wconf 89' lang='lat' dir='ltr'><strong>ab</strong></span> <span class='ocrx_word' id='word_1_153' title='bbox 791 3224 853 3297; x_wconf 92' lang='lat' dir='ltr'><strong>illo</strong></span> <span class='ocrx_word' id='word_1_154' title='bbox 864 3238 1027 3322; x_wconf 87' lang='lat' dir='ltr'><strong>tempore</strong></span> <span class='ocrx_word' id='word_1_155' title='bbox 1040 3249 1174 3323; x_wconf 81' lang='lat' dir='ltr'><strong>exspec</strong></span> 
     </span>
     <span class='ocr_line' id='line_1_27' title="bbox 368 3335 1175 3430; baseline 0.005 -23"><span class='ocrx_word' id='word_1_156' title='bbox 368 3335 430 3418; x_wconf 91' lang='lat' dir='ltr'><strong>tio,</strong></span> <span class='ocrx_word' id='word_1_157' title='bbox 449 3335 478 3406; x_wconf 92' lang='lat' dir='ltr'><strong>si</strong></span> <span class='ocrx_word' id='word_1_158' title='bbox 495 3357 568 3406; x_wconf 94' lang='lat' dir='ltr'><strong>non</strong></span> <span class='ocrx_word' id='word_1_159' title='bbox 585 3350 787 3411; x_wconf 86' lang='lat' dir='ltr'><strong>accesserat</strong></span> <span class='ocrx_word' id='word_1_160' title='bbox 816 3338 937 3425; x_wconf 92' lang='lat' dir='ltr'><strong>febris,</strong></span> <span class='ocrx_word' id='word_1_161' title='bbox 970 3342 1088 3412; x_wconf 87' lang='lat' dir='ltr'><strong>statim</strong></span> <span class='ocrx_word' id='word_1_162' title='bbox 1106 3371 1116 3430; x_wconf 82' lang='lat'>3</span> <span class='ocrx_word' id='word_1_163' title='bbox 1145 3339 1175 3411; x_wconf 93' lang='lat' dir='ltr'><strong>si</strong></span> 
     </span>
     <span class='ocr_line' id='line_1_28' title="bbox 366 3446 1176 3535; baseline 0.006 -16"><span class='ocrx_word' id='word_1_164' title='bbox 366 3447 429 3520; x_wconf 91' lang='lat' dir='ltr'><strong>ubi</strong></span> <span class='ocrx_word' id='word_1_165' title='bbox 449 3471 492 3521; x_wconf 89' lang='lat' dir='ltr'><strong>ea</strong></span> <span class='ocrx_word' id='word_1_166' title='bbox 507 3446 564 3521; x_wconf 90' lang='lat' dir='ltr'><strong>vel</strong></span> <span class='ocrx_word' id='word_1_167' title='bbox 583 3447 747 3533; x_wconf 86' lang='lat' dir='ltr'><strong>desierat,</strong></span> <span class='ocrx_word' id='word_1_168' title='bbox 766 3449 834 3535; x_wconf 92' lang='lat' dir='ltr'><strong>vel,</strong></span> <span class='ocrx_word' id='word_1_169' title='bbox 862 3453 891 3523; x_wconf 93' lang='lat' dir='ltr'><strong>si</strong></span> <span class='ocrx_word' id='word_1_170' title='bbox 908 3451 1050 3525; x_wconf 91' lang='lat' dir='ltr'><strong>assidue</strong></span> <span class='ocrx_word' id='word_1_171' title='bbox 1068 3451 1176 3524; x_wconf 90' lang='lat' dir='ltr'><strong>inhae</strong></span> 
     </span>
     <span class='ocr_line' id='line_1_29' title="bbox 368 3562 1171 3650; baseline 0.002 -16"><span class='ocrx_word' id='word_1_172' title='bbox 368 3564 398 3634; x_wconf 90' lang='lat' dir='ltr'><strong>si</strong></span> <span class='ocrx_word' id='word_1_173' title='bbox 415 3586 452 3635; x_wconf 91' lang='lat' dir='ltr'><strong>se</strong></span> <span class='ocrx_word' id='word_1_174' title='bbox 470 3562 713 3650; x_wconf 89' lang='lat' dir='ltr'><strong>inclinaverat,</strong></span> <span class='ocrx_word' id='word_1_175' title='bbox 747 3565 867 3637; x_wconf 90' lang='lat' dir='ltr'><strong>cibum</strong></span> <span class='ocrx_word' id='word_1_176' title='bbox 901 3565 1018 3639; x_wconf 90' lang='lat' dir='ltr'><strong>dabat.</strong></span> <span class='ocrx_word' id='word_1_177' title='bbox 1070 3565 1171 3638; x_wconf 90' lang='lat' dir='ltr'><strong>Nihil</strong></span> 
     </span>
     <span class='ocr_line' id='line_1_30' title="bbox 367 3677 1179 3776; baseline 0.007 -30"><span class='ocrx_word' id='word_1_178' title='bbox 367 3698 448 3748; x_wconf 92' lang='lat' dir='ltr'><strong>rum</strong></span> <span class='ocrx_word' id='word_1_179' title='bbox 469 3677 593 3772; x_wconf 87' lang='lat' dir='ltr'><strong>utique</strong></span> <span class='ocrx_word' id='word_1_180' title='bbox 610 3689 825 3774; x_wconf 91' lang='lat' dir='ltr'><strong>perpetuum</strong></span> <span class='ocrx_word' id='word_1_181' title='bbox 845 3690 912 3750; x_wconf 87' lang='lat' dir='ltr'><strong>est.</strong></span> <span class='ocrx_word' id='word_1_182' title='bbox 965 3678 1060 3749; x_wconf 92' lang='lat' dir='ltr'><strong>Nam</strong></span> <span class='ocrx_word' id='word_1_183' title='bbox 1083 3691 1179 3776; x_wconf 80' lang='lat' dir='ltr'><strong>poter</strong></span> 
     </span>
     <span class='ocr_line' id='line_1_31' title="bbox 367 3789 1176 3888; baseline 0.009 -29"><span class='ocrx_word' id='word_1_184' title='bbox 367 3789 504 3883; x_wconf 92' lang='lat' dir='ltr'><strong>primus</strong></span> <span class='ocrx_word' id='word_1_185' title='bbox 522 3789 623 3862; x_wconf 91' lang='lat' dir='ltr'><strong>cibus</strong></span> <span class='ocrx_word' id='word_1_186' title='bbox 649 3789 790 3863; x_wconf 89' lang='lat' dir='ltr'><strong>dandus</strong></span> <span class='ocrx_word' id='word_1_187' title='bbox 822 3815 911 3877; x_wconf 90' lang='lat' dir='ltr'><strong>esse,</strong></span> <span class='ocrx_word' id='word_1_188' title='bbox 944 3805 1064 3888; x_wconf 87' lang='lat' dir='ltr'><strong>potest</strong></span> <span class='ocrx_word' id='word_1_189' title='bbox 1091 3817 1176 3866; x_wconf 90' lang='lat' dir='ltr'><strong>secu</strong></span> 
     </span>
     <span class='ocr_line' id='line_1_32' title="bbox 366 3901 1180 4002; baseline 0.006 -32"><span class='ocrx_word' id='word_1_190' title='bbox 366 3901 484 3986; x_wconf 90' lang='lat' dir='ltr'><strong>tertio,</strong></span> <span class='ocrx_word' id='word_1_191' title='bbox 513 3914 633 3997; x_wconf 88' lang='lat' dir='ltr'><strong>potest</strong></span> <span class='ocrx_word' id='word_1_192' title='bbox 657 3927 728 3976; x_wconf 93' lang='lat' dir='ltr'><strong>non</strong></span> <span class='ocrx_word' id='word_1_193' title='bbox 757 3904 825 3976; x_wconf 91' lang='lat' dir='ltr'><strong>nisi</strong></span> <span class='ocrx_word' id='word_1_194' title='bbox 852 3917 990 4000; x_wconf 91' lang='lat' dir='ltr'><strong>quarto,</strong></span> <span class='ocrx_word' id='word_1_195' title='bbox 1020 3917 1084 3978; x_wconf 87' lang='lat' dir='ltr'><strong>aut</strong></span> <span class='ocrx_word' id='word_1_196' title='bbox 1114 3906 1180 4002; x_wconf 91' lang='lat' dir='ltr'><strong>qui·</strong></span> 
     </span>
     <span class='ocr_line' id='line_1_33' title="bbox 365 4017 1181 4115; baseline 0.012 -34"><span class='ocrx_word' id='word_1_197' title='bbox 365 4022 449 4106; x_wconf 94' lang='lat' dir='ltr'><strong>post</strong></span> <span class='ocrx_word' id='word_1_198' title='bbox 477 4035 588 4086; x_wconf 92' lang='lat' dir='ltr'><strong>unam</strong></span> <span class='ocrx_word' id='word_1_199' title='bbox 615 4017 869 4101; x_wconf 88' lang='lat' dir='ltr'><strong>accessionem,</strong></span> <span class='ocrx_word' id='word_1_200' title='bbox 903 4029 1023 4114; x_wconf 87' lang='lat' dir='ltr'><strong>potest</strong></span> <span class='ocrx_word' id='word_1_201' title='bbox 1052 4037 1134 4115; x_wconf 93' lang='lat' dir='ltr'><strong>post</strong></span> <span class='ocrx_word' id='word_1_202' title='bbox 1162 4017 1181 4091; x_wconf 93' lang='lat' dir='ltr'><strong>d</strong></span> 
     </span>
     <span class='ocr_line' id='line_1_34' title="bbox 365 4122 1183 4229; baseline 0.012 -34"><span class='ocrx_word' id='word_1_203' title='bbox 365 4134 449 4220; x_wconf 91' lang='lat' dir='ltr'><strong>post</strong></span> <span class='ocrx_word' id='word_1_204' title='bbox 465 4122 597 4221; x_wconf 86' lang='lat' dir='ltr'><strong>plures.</strong></span> <span class='ocrx_word' id='word_1_205' title='bbox 650 4127 779 4203; x_wconf 80' lang='lat' dir='ltr'><strong>Refert</strong></span> <span class='ocrx_word' id='word_1_206' title='bbox 795 4131 903 4214; x_wconf 92' lang='lat' dir='ltr'><strong>enim,</strong></span> <span class='ocrx_word' id='word_1_207' title='bbox 922 4131 1036 4229; x_wconf 89' lang='lat' dir='ltr'><strong>qualis</strong></span> <span class='ocrx_word' id='word_1_208' title='bbox 1056 4134 1183 4205; x_wconf 88' lang='lat' dir='ltr'><strong>morbu</strong></span> 
     </span>
     <span class='ocr_line' id='line_1_35' title="bbox 366 4238 1170 4342; baseline 0.011 -32"><span class='ocrx_word' id='word_1_209' title='bbox 366 4260 508 4336; x_wconf 93' lang='lat' dir='ltr'><strong>corpus,</strong></span> <span class='ocrx_word' id='word_1_210' title='bbox 528 4238 634 4335; x_wconf 88' lang='lat' dir='ltr'><strong>quale</strong></span> <span class='ocrx_word' id='word_1_211' title='bbox 652 4242 805 4330; x_wconf 90' lang='lat' dir='ltr'><strong>coelum,</strong></span> <span class='ocrx_word' id='word_1_212' title='bbox 832 4269 925 4341; x_wconf 88' lang='lat' dir='ltr'><strong>quae</strong></span> <span class='ocrx_word' id='word_1_213' title='bbox 943 4259 1051 4331; x_wconf 89' lang='lat' dir='ltr'><strong>aetas,</strong></span> <span class='ocrx_word' id='word_1_214' title='bbox 1072 4244 1170 4342; x_wconf 91' lang='lat' dir='ltr'><strong>quod</strong></span> 
     </span>
    </p>
   </div>
   <div class='ocr_carea' id='block_1_3' title="bbox 366 4351 1183 4501">
    <p class='ocr_par' dir='ltr' id='par_1_4' title="bbox 366 4351 1183 4501">
     <span class='ocr_line' id='line_1_36' title="bbox 366 4351 1183 4501; baseline 0.013 -78"><span class='ocrx_word' id='word_1_215' title='bbox 366 4351 429 4424; x_wconf 78' lang='lat' dir='ltr'><strong>nit</strong></span> <span class='ocrx_word' id='word_1_216' title='bbox 454 4352 685 4501; x_wconf 68' lang='lat' dir='ltr'><strong>minimetpue,</strong></span> <span class='ocrx_word' id='word_1_217' title='bbox 705 4357 743 4430; x_wconf 93' lang='lat' dir='ltr'><strong>in</strong></span> <span class='ocrx_word' id='word_1_218' title='bbox 760 4357 867 4432; x_wconf 90' lang='lat' dir='ltr'><strong>rebus</strong></span> <span class='ocrx_word' id='word_1_219' title='bbox 884 4358 1041 4434; x_wconf 92' lang='lat' dir='ltr'><strong>multum</strong></span> <span class='ocrx_word' id='word_1_220' title='bbox 1060 4361 1183 4435; x_wconf 93' lang='lat' dir='ltr'><strong>inters</strong></span> 
     </span>
    </p>
   </div>
   <div class='ocr_carea' id='block_1_4' title="bbox 0 0 1437 5296">
    <p class='ocr_par' dir='ltr' id='par_1_5' title="bbox 0 0 1437 5296">
     <span class='ocr_line' id='line_1_37' title="bbox 0 0 1437 5296; baseline 0 0"><span class='ocrx_word' id='word_1_221' title='bbox 0 0 1437 5296; x_wconf 95' lang='lat' dir='ltr'><strong> </strong></span> 
     </span>
    </p>
   </div>
  </div>
 </body>
</html>
