2858 5296
356 243 593 293 nrsssararro
612 244 664 291 ns
684 243 789 292 ccrsr
809 244 909 293 vrri.
1083 233 1169 302 xxiii

165 420 287 504 initium,
302 443 422 493 nexum
448 418 553 493 illurn
580 419 757 492 sermonis
774 418 970 516 pulchrum
990 421 1100 500 Celso
1117 427 1170 501 fa·

161 543 298 619 niliarern
316 547 396 620 sau's
412 543 500 620 olet.
554 535 653 618 Vide
679 546 800 630 etiam,
828 545 852 619 i.
879 551 914 630 8,
933 546 970 619 ii.
997 555 1032 636 9,
1052 553 1102 625 iii.
1130 564 1166 641 a),

157 672 203 744 rii.
215 677 244 759 2,
255 678 286 757 8,
298 672 365 746 riii.
387 679 447 759 13,
466 673 517 744 ix.
536 679 573 759 Q,
593 670 719 746 laudes
736 670 950 745 simillimas.

472 873 798 962 Quincrmmrrus.

164 1023 248 1100 inst.
278 1023 387 1099 Orat.
418 1024 482 1096 xii.
518 1031 574 1096 ll.
621 1022 808 1098 “Marcus
835 1021 1033 1097 Censorius
1059 1025 1162 1116 Cato,

121 1151 202 1227 dem
212 1164 348 1237 orator,
363 1148 465 1223 idem
471 1148 641 1223 historiae
652 1149 832 1235 conditor,
845 1148 944 1222 idem
948 1148 1055 1248 juris,
1066 1151 1164 1227 idem

114 1302 224 1352 rerum
251 1280 475 1350 msticarum
492 1275 740 1372 peritissimus.
792 1273 915 1362 Quam
941 1276 1068 1365 multa,
1088 1276 1163 1349 imo

111 1428 197 1503 pene
221 1403 350 1477 omnia
376 1399 529 1476 tradidit
545 1400 693 1475 Varro?
743 1400 855 1489 Quod
879 1404 1162 1478 instrumentum

110 1528 251 1606 dicendi
270 1525 328 1602 M.
348 1524 477 1600 Tullio
494 1525 642 1600 defuit?
680 1525 929 1626 Quid'plura?
945 1553 1030 1602 cum
1048 1531 1157 1604 etiam

110 1655 299 1733 Cornelius
319 1652 463 1739 Celsus,
491 1651 667 1726 mediocri
691 1654 745 1727 vir
770 1655 929 1752 ingenio,
948 1678 1022 1728 non
1040 1654 1156 1730 solum

109 1784 153 1858 de
178 1783 237 1856 his
262 1780 430 1854 omnibus
455 1780 709 1877 conscripserit
735 1779 882 1866 artibus,
911 1779 975 1853 sed
1004 1783 1158 1880 amplius

109 1913 157 1985 rei
188 1907 362 1993 miliaria,
391 1919 431 1980 et
447 1905 604 1979 rusticae
630 1907 748 1990 etiam,
775 1918 812 1980 et
829 1905 1030 1980 medicinae
1054 1933 1156 2006 prae-

109 2048 210 2137 cepta
226 2033 417 2132 reliquerit
426 2034 470 2104 ?’'
522 2031 623 2105 Bene
648 2032 695 2105 ad
711 2031 801 2107 haec
827 2031 1056 2132 Morgagnus
1080 2059 1155 2110 non

108 2162 307 2239 mirandum
327 2183 406 2233 esse
419 2160 451 2232 si
465 2156 593 2233 Celsus
606 2157 665 2232 hic
685 2159 775 2232 “vir
792 2159 965 2234 mediocri
982 2162 1153 2258 ingenio'’

109 2291 253 2375 dicamr,
275 2287 454 2385 quoniam
471 2285 565 2359 inter
582 2284 703 2359 divina
718 2287 864 2384 ingenia
888 2286 1053 2374 Homeri,
1074 2288 1153 2363 Pla·

109 2421 204 2505 tonis,
224 2411 452 2499 Aristotelis,
473 2409 596 2497 Tullii,
610 2410 769 2498 Catonis,
790 2412 974 2501 Varronis,
987 2416 1151 2489 institua·

109 2560 160 2622 tur
174 2549 243 2620 ista
260 2541 502 2640 comparatio.

151 2697 188 2745 x.
222 2680 254 2744 l.
299 2667 443 2752 CelsuS,
475 2667 529 2739 vir
561 2667 735 2753 eruditus,
764 2666 907 2739 medius
936 2668 1031 2740 inter
1064 2667 1155 2742 Bru·

112 2814 186 2872 tum
203 2809 241 2870 et
255 2795 449 2880 Plancum,
468 2817 529 2866 eos
545 2793 779 2891 philosophos
806 2792 955 2866 Latinos
973 2820 1062 2891 quos
1079 2796 1152 2872 eio-

111 2937 263 3023 quentes
290 2920 414 2995 literae
451 2920 637 2993 Romanae
666 2919 838 3005 tulerunt,
871 2923 1044 3020 “scripsit
1077 2949 1151 2997 non

107 3074 236 3151 parum
263 3049 385 3134 multa,
415 3047 593 3145 scepticos
606 3061 761 3135 secutus,
791 3073 863 3121 non
883 3049 959 3123 sine
985 3051 1087 3126 cultu
1113 3065 1150 3126 et

104 3179 261 3256 nitore.''

539 3376 707 3451 Pnnrrus.

152 3532 253 3604 Hist
288 3528 376 3601 Nat.
409 3552 444 3598 x.
464 3532 525 3599 53.
580 3527 812 3614 “Quaedam
846 3527 1000 3625 gallinae
1034 3533 1155 3603 omnia

105 3660 248 3754 gemina
261 3681 332 3727 ova
344 3655 502 3752 pariunt,
516 3664 553 3726 et
565 3655 729 3750 geminos
742 3654 924 3728 interdum
938 3654 1151 3742 excludunt,

106 3799 143 3857 ut
160 3782 356 3858 Comeiius
375 3778 505 3853 Celsus
522 3792 648 3852 auctor
673 3782 761 3854 est.’'

168 3933 228 3982 xx.
247 3918 284 3981 4.
321 3905 490 3980 “Celsus
521 3916 558 3978 et
587 3904 755 4002 podagris
786 3930 878 4002 quae
909 3907 984 3978 sine
1012 3917 1153 3980 tumore

106 4037 183 4122 sint,
208 4035 374 4110 radicem
403 4030 483 4129 ejus
509 4028 674 4127 (hibisci)
701 4056 746 4104 ex
772 4033 857 4104 vino
883 4030 1071 4105 decoctam
1090 4033 1153 4103 im-

107 4165 185 4259 poni
202 4163 351 4261 jubet.''
404 4153 523 4256 (Vide
549 4154 669 4230 iocum
689 4160 805 4257 ipsum
825 4159 861 4230 in
889 4157 1006 4243 Celso
1024 4159 1072 4229 iv.
1092 4166 1152 4243 aa,

107 4313 137 4383 r·
158 4290 258 4383 190)
