2858 5296
667 189 673 200 ι

112 261 223 282 ''⁵4v

279 698 496 751 uunrcnrsu
513 698 589 752 uru.
609 652 645 751 v.
937 684 1009 753 221

81 900 114 976 p.
136 904 180 963 χ.
200 897 227 949 r.
246 874 369 975 butyri
386 901 423 976 p.
446 906 492 964 χ.
510 898 603 952 vur.
625 876 742 978 adipis
769 883 954 957 mseriuae
972 904 1010 979 p.

81 1012 98 1065 r.
116 988 260 1065 vitellos
276 1002 403 1064 coctos
420 978 524 1078 duos.
543 1015 646 1066 rosae
663 993 785 1068 minus
801 995 946 1093 cyatho.

81 1104 102 1179 li
117 1100 346 1177 veroinfuns
361 1105 461 1178 intus
478 1104 646 1192 decessit,
666 1130 741 1205 quo
752 1104 897 1182 facilius
912 1107 1010 1206 ejici·
1019 1131 1062 1180 ur
1072 1130 1177 1178 raum

81 1216 293 1293 ualicorium
311 1240 358 1291 ex
369 1240 466 1316 aqua
479 1217 685 1307 terendum,
697 1243 817 1319 eoque
830 1221 1011 1297 utendum
1019 1208 1156 1247 mum

81 1446 103 1520 li
118 1442 316 1520 concidere
341 1444 433 1519 vitio
460 1444 624 1517 locorum
654 1445 787 1521 mulier
816 1445 921 1536 solet,
952 1472 1165 1555 courum..

81 1582 176 1635 tcum
190 1559 292 1633 testis
301 1559 377 1632 suis
387 1558 667 1645 comburendae,
679 1560 1013 1660 conterendaeque,
1023 1558 1094 1593 '¹⁸¹³’

81 1672 162 1747 this
179 1670 253 1745 mel
269 1671 519 1770 adjiciendum
536 1686 603 1746 est
667 1712 671 1719 ·
977 1738 980 1744 .

81 1784 198 1859 iinon
223 1783 514 1882 comprehendit,
543 1785 654 1884 adeps
680 1785 824 1863 leonina
853 1812 901 1864 err
930 1813 1012 1863 rosa
1024 1805 1066 1852 Ad
1079 1801 1173 1853 sterili·

81 1897 152 1973 ndu
167 1909 235 1973 est.
1023 1881 1110 1922 tatem·

81 2010 140 2087 ‚IL
167 2018 202 2085 l.
220 2010 416 2098 Quaedam
434 2024 556 2087 autern
575 2014 756 2089 mixturae
774 2016 1157 2090 medicamen-summe

81 2140 193 2212 ‚sunt
211 2126 344 2223 quibus
361 2124 470 2198 aridis
488 2150 611 2225 neque
629 2129 765 2202 coactis
785 2131 931 2216 utimur,
950 2106 1176 2237 sic‚}‚{]1‘¹,{²m”¹²

81 2262 280 2339 purgamus,
300 2253 365 2312 aut
382 2262 466 2312 cum
494 2240 619 2338 aliquo
647 2239 788 2339 liquido
817 2244 933 2317 mixta
949 2239 1019 2313 illi-

81 2375 96 2425 s
106 2377 122 2443 ς
141 2350 249 2450 'quale
266 2362 334 2437 est,
353 2349 401 2423 ad
417 2376 565 2425 carnem
581 2368 916 2450 supercrescentem
934 2377 1019 2427 exe·

81 2488 130 2553 rn,
147 2463 251 2563 quod
268 2463 381 2538 habet
398 2488 571 2563 squamae
588 2467 691 2555 aeris,
708 2466 874 2565 fuliginis
890 2466 1017 2554 thuris,

81 2602 184 2653 orum
201 2603 239 2677 p.
262 2607 308 2664 χ.
321 2597 349 2649 1.
363 2580 546 2677 aeruginis
564 2604 599 2678 p.
616 2607 661 2664 χ.
676 2603 723 2655 11.
774 2581 882 2656 Haec
895 2591 1020 2655 autern

81 2715 192 2766 rcum
215 2689 323 2763 melle
354 2704 513 2789 purgant
541 2691 689 2784 ulcera3
719 2719 804 2768 cum
831 2719 926 2779 cera,
955 2695 1022 2766 im-

120 2803 228 2917 Misy
245 2828 393 2902 quoque
411 2818 449 2878 et
465 2804 571 2902 galla,
586 2808 616 2880 si
631 2808 779 2905 paribus
792 2805 1022 2903 portionibus

81 2937 192 3005 rutur,
212 2942 345 3016 corpus
363 2931 610 2993 consumunt:
638 2944 754 3017 eaque
772 2917 835 2992 vel
852 2916 954 2991 arida
970 2918 1023 2989 in·

81 3059 128 3109 ue
144 3034 247 3118 licet,
267 3031 324 3105 vel
343 3045 502 3131 excepta
520 3034 664 3107 cadmia
680 3031 823 3105 illinire.

81 3148 225 3221 Putrem
243 3170 331 3218 vero
349 3170 495 3219 carnem
515 3146 691 3230 continet,
710 3167 833 3241 neque
847 3141 943 3216 ultra
954 3166 1077 3218 ser-mr
1089 3183 1148 3230 gan-

81 3263 216 3345 utitur,
236 3259 420 3359 etlerriter
438 3273 551 3344 exest,
572 3256 645 3330 mel
664 3257 721 3331 vel
741 3282 825 3331 cum
837 3254 1023 3344 lenticula,
1033 3252 1160 3301 ‘mmm‘

84 3399 120 3448 ru
139 3372 338 3457 marrubio,
359 3370 417 3443 vel
435 3396 521 3445 cum
541 3369 644 3444 oleae
658 3369 764 3457 foliis,
782 3382 868 3443 ante
879 3391 925 3443 ex
940 3370 1026 3444 vino

81 3488 150 3563 u's:
183 3487 272 3560 item
302 3484 441 3558 sertula
472 3485 661 3582 Campana
690 3486 728 3557 in
756 3482 875 3558 mulso
906 3499 1023 3571 cocta,

81 3600 296 3674 scontrita:
325 3610 390 3671 aut
408 3598 490 3671 calx
510 3622 596 3671 cum
614 3610 761 3671 cerato:
794 3609 858 3672 aut
883 3621 1026 3671 amarae

90 3738 180 3789 cum
198 3712 295 3797 alliu,
315 3713 378 3798 sic,
399 3724 440 3785 ut
459 3711 570 3808 hujus
600 3736 683 3809 pars
711 3713 816 3786 tertia
847 3713 904 3797 sit,
937 3735 1027 3808 pau-

81 3852 113 3902 re
132 3827 190 3900 his
207 3827 308 3899 croci
325 3824 539 3922 adjiciatur:
566 3838 629 3898 aut
642 3825 742 3923 quod
756 3825 866 3898 habet
877 3848 1028 3921 spumae

81 3943 108 4017 ti
128 3965 167 4039 p.
196 3970 241 4026 χ.
261 3961 318 4012 vr.
337 3963 452 4011 cornu
471 3937 599 4010 bubuli
616 3940 810 4012 combusti·
826 3963 862 4034 p.
887 3965 933 4021 χ.
951 3956 1027 4007 x11.

81 4053 199 4155 tyrtei,
219 4064 257 4126 et
275 4052 349 4123 vini
367 4050 519 4150 cyathos
538 4062 685 4124 ternos:
713 4066 777 4124 aut
795 4046 896 4146 quod
913 4071 959 4120 ex
974 4045 1029 4119 lris

81 4180 135 4240 tt:
163 4165 264 4239 floris
283 4163 410 4238 Punici
431 4162 527 4248 mali,
552 4165 743 4237 atramenti
762 4161 900 4247 sutorii,
919 4158 1026 4244 aloes

81 4276 197 4353 lorum
232 4303 268 4376 p.
309 4306 353 4361 a.
399 4299 442 4348 11.
485 4276 654 4349 aluminis
697 4274 855 4360 scissilis
899 4272 1027 4356 thuris,

81 4388 198 4465 lorum
218 4415 254 4487 p.
280 4421 324 4473 rt·
344 4411 397 4460 lv.
416 4388 532 4487 gallae
550 4415 585 4487 p.
609 4418 654 4474 a.
673 4411 765 4461 vrrr.
779 4387 1030 4461 'aristolochiae

81 4603 204 4676 nsphstis
223 4601 303 4655 calcis
323 4602 458 4668 nimirum,
479 4609 608 4673 quantum
629 4608 731 4672 septem
750 4616 833 4651 cornu
845 4595 937 4649 lmbuli
950 4594 1032 4645 librae

81 4694 131 4740 stae
142 4704 222 4757 aegre
235 4687 424 4758 prarolruisseut.
461 4688 613 4741 Trrosrsos.
628 4686 719 4737 (liem-
735 4682 769 4733 ir·
781 4685 841 4733 tua.
