2858 5296
278 321 340 392 xiv
514 341 759 394 nrssrnrnrro
778 344 828 394 ns
847 342 953 394 cnnsr
971 343 1073 393 vrrn.

276 532 351 593 tem
368 517 490 593 adhuc
504 519 712 592 exercuisse
725 518 877 610 scribet3
897 542 967 592 uec
978 541 1130 617 usquam

276 645 488 723 Cornelium
506 645 656 722 Celsum
673 645 854 721 salutavit.
882 645 1033 733 Contra,
1052 646 1129 720 libn

274 799 355 848 rum
370 773 606 872 iudicesquos
618 774 657 846 in
671 773 932 872 compendium
944 777 1120 873 temporis

274 901 356 975 simi
385 900 560 999 principis
586 899 666 974 Titi
691 899 910 999 Vespasiani
935 904 1128 1001 composui:

272 1031 366 1104 inter
384 1029 577 1102 Romanos
588 1028 792 1125 scriptores,
807 1026 907 1101 haud
923 1053 1086 1127 unquam
1105 1032 1127 1103 ir

272 1181 335 1230 cos
352 1168 418 1231 aut
434 1166 580 1229 exteros
595 1166 800 1228 recensenu
851 1153 935 1228 Nec
958 1155 1020 1228 alii
1038 1168 1127 1232 auct

272 1286 425 1360 citatum
460 1281 609 1357 Celsum
643 1306 799 1379 usquam
834 1280 1018 1356 medicum
1050 1283 1126 1358 dixr

271 1387 481 1487 constanter
497 1409 544 1483 de
561 1407 756 1495 medicina,
784 1407 910 1483 aliisve
939 1410 1077 1484 artibus
1103 1435 1125 1485 s

273 1537 380 1612 Haec
397 1548 520 1609 autem
537 1536 728 1608 nominum
745 1534 927 1609 ordinatio
954 1535 1119 1622 Pliniana

266 1662 378 1738 cilem
395 1686 525 1762 parum
538 1660 708 1748 illustrat,
734 1662 906 1759 quoniam
924 1673 961 1736 et
979 1661 1124 1737 Sextius

270 1791 336 1891 qui
376 1788 541 1863 medicus
581 1785 680 1875 fuit·
720 1789 816 1861 iuter
857 1786 1093 1864 Scmrrorus

269 1918 404 2017 pariter
421 1940 507 1989 curn
525 1912 650 2001 Celso,
663 1911 796 1986 eodem
820 1912 943 1987 indice
971 1915 1123 1989 librorur

271 2045 360 2120 xxii.
389 2043 493 2119 xxiii.
528 2042 630 2114 xxiv.
660 2064 749 2115 xxo.
778 2041 879 2114 xxvi.
907 2041 1020 2114 xxvii.
1046 2042 1105 2140 (in

270 2193 400 2245 onnes
419 2168 579 2242 Romani
604 2177 772 2240 auctores
799 2167 902 2241 citati
931 2165 1122 2242 medicinas

270 2300 371 2395 rant)
387 2293 578 2370 includere
595 2295 809 2368 consuevit:
830 2317 901 2368 nec
919 2291 1122 2368 denominat

267 2427 307 2499 in
324 2424 381 2498 his
397 2421 580 2496 indicibus
596 2422 685 2495 alios
703 2432 845 2519 spectat
862 2445 973 2519 quam
997 2420 1121 2495 medio

267 2561 400 2650 utpote
418 2572 574 2649 quorum
601 2549 737 2645 scripta
765 2547 903 2645 primae
927 2548 1121 2622 auctoritat

266 2679 498 2776 originesque
516 2673 593 2750 fere
609 2675 814 2758 notionum,
833 2697 923 2771 quas
938 2671 1035 2748 forte
1052 2698 1120 2772 apu

268 2827 417 2902 quoque
434 2802 598 2890 Latinos,
626 2799 692 2876 sed
719 2800 876 2875 adscitas
903 2802 981 2899 ipse
1003 2803 1120 2900 reperi

267 2929 396 3003 citanti
408 2939 643 3025 praestarent„
676 2927 843 3000 Nimium
857 2952 944 3001 vero
955 2940 1119 3002 auctores

266 3051 385 3140 Plinii,
404 3052 473 3126 viri
489 3051 642 3125 medicis
666 3051 767 3124 haud
784 3052 938 3126 obscure
955 3055 1082 3152 iniqui,
1100 3055 1119 3128 ir

264 3176 1119 3278 Narnquelicetibidemtesteturauctoritatemu

264 3305 483 3379 medicinam
502 3303 741 3378 tractantibus
758 3326 833 3376 non
850 3327 951 3378 esse:
979 3306 1056 3403 ipse
1074 3319 1118 3380 tar

264 3432 364 3506 xxvi.
379 3443 418 3505 et
433 3430 586 3530 passim)
618 3431 836 3504 auctoritate
865 3429 964 3506 Celsi
989 3455 1064 3508 non
1082 3430 1118 3506 G

263 3557 495 3632 Latinissime
514 3557 560 3631 de
578 3555 760 3630 medicina
786 3557 976 3631 scribentis
994 3558 1048 3632 uti
1073 3581 1118 3631 no

264 3697 338 3761 tur.
388 3684 500 3774 Quod
524 3663 673 3782 quidem
702 3684 733 3757 si
761 3696 929 3759 auctores
956 3682 1003 3758 de
1030 3707 1117 3758 eas

295 3897 309 3925 ⁸
322 3886 371 3939 llle
380 3884 452 3939 enirn
463 3891 505 3940 ost
516 3901 596 3956 quem
608 3901 670 3938 oum
680 3881 755 3938 Julio
766 3881 870 3949 Burrio,
878 3882 964 3939 altero
973 3883 1077 3940 modioo
1085 3887 1117 3940 lo

259 3970 399 4033 scribente,
411 3967 532 4040 coarguit
540 3966 619 4020 xxix.
635 3973 658 4019 l.
677 3966 736 4020 “ad
746 3966 863 4020 Graecos
875 3967 1041 4038 sumtu&
1055 3986 1117 4041 appr

259 4069 294 4106 ex
306 4061 445 4107 auctorum
463 4050 595 4105 indicibus
612 4068 693 4123 supra
708 4050 863 4105 memoratis
880 4050 958 4105 facile
971 4051 1114 4124 oolligitur.

261 4135 334 4204 Quin
346 4143 375 4189 et
386 4135 446 4188 libri
459 4133 554 4188 xxviii.
565 4135 686 4200 elencho,
700 4134 808 4190 Celsum
820 4153 881 4190 enm
893 4141 909 4166 “
918 4134 1008 4207 Opilio
1017 4137 1117 4192 medior

258 4218 380 4273 medioo”
394 4216 513 4288 utrisque
531 4217 641 4273 modieis
662 4215 791 4273 Romulo
807 4218 899 4274 aden
920 4237 989 4291 peno
1010 4219 1081 4274 linea
1092 4239 1117 4274 rr

259 4319 335 4366 xxrx,
347 4319 409 4356 oum
420 4307 437 4332 ‘⁴
445 4300 562 4355 Caecilio
573 4299 704 4355 medico.'’
751 4301 886 4356 Nimirum
897 4301 926 4356 iu
938 4302 1024 4374 prima
1035 4303 1116 4358 cluss

258 4386 275 4438 i.
283 4404 306 4439 e.
321 4384 476 4440 Latinorum
488 4384 634 4458 proposuit,
647 4391 675 4440 et
687 4385 823 4440 Romanos
836 4386 952 4440 medicor
961 4386 1043 4443 luisse
1053 4393 1081 4442 et
1089 4387 1116 4441 Cr

259 4469 417 4525 naturaliter
430 4469 599 4525 annumerari
612 4476 705 4528 conus
716 4488 745 4527 se
757 4471 947 4528 demonstraus
