2858 5296
350 346 400 414 58
733 359 769 413 Α.
788 354 900 414 coras.
918 351 1025 414 catat

190 536 496 662 mgr-fiducia
511 534 694 612 oecuudae
707 537 940 614 ‘valetudinis
964 538 1163 638 opptimus

342 650 430 751 jure
454 650 583 749 aliquis
599 646 798 739 mirabitur,
826 650 1010 751 quomodo
1034 650 1163 750 quaeda

351 762 514 863 affligant
541 775 664 839 nostra
688 788 851 863 corpora,
883 775 921 838 et
945 775 1047 863 parte
1071 763 1163 863 aliqu

354 874 474 965 Nam,r
490 877 566 951 sive
582 901 678 976 aqua
693 878 788 954 inter
805 889 929 952 cutem
947 901 1057 976 quem
1074 877 1163 976 impl

343 1013 488 1088 ‘magno
503 989 672 1065 abscessu
696 989 853 1065 multum
871 991 971 1089 puris
986 992 1085 1077 coiit,
1112 992 1164 1065 sin

353 1102 534 1191 effudisse,
552 1127 669 1201 aeque
686 1102 914 1178 mortiferum
931 1116 998 1191 est,
1024 1128 1068 1178 ac
1085 1107 1115 1178 si
1132 1128 1165 1203 qr

351 1218 452 1315 poris
465 1216 614 1290 vulnere
623 1213 743 1291 factus
756 1217 951 1315 exsanguis
964 1229 1032 1292 est.
1073 1217 1164 1290 Artis

352 1331 405 1403 sic
422 1328 559 1416 dolent,
576 1340 619 1403 ut
634 1353 744 1429 super
761 1354 823 1404 eos
840 1355 888 1405 ex
905 1329 999 1405 callo
1016 1329 1165 1430 quaedar

352 1443 477 1516 innata
500 1443 583 1529 sint,
614 1466 802 1542 nunquam
826 1443 1065 1529 liberantur322
1084 1467 1165 1543 quar

352 1556 441 1629 vitia
457 1556 515 1628 vel
539 1555 578 1628 in
595 1568 784 1632 senectute
801 1541 1014 1656 coeperunt
1024 1565 1031 1607 ³
1041 1548 1102 1631 vel
1119 1559 1155 1629 in

352 1668 398 1741 ab
432 1667 676 1744 adolescentia
708 1682 963 1769 pervenerunt,
995 1682 1038 1744 ut
1070 1668 1166 1769 aliqu

194 1802 327 1870 upupae
352 1796 515 1879 possunt,
544 1783 596 1856 sic
621 1806 808 1882 nunquam
836 1808 883 1857 ex
900 1795 980 1858 toto
1009 1782 1167 1857 finiuntu:

346 1918 501 1993 quoque
530 1896 719 1969 comitialis
736 1886 829 1994 ¹post
854 1919 991 1970 annum
1021 1897 1168 1994 quintus

353 2030 455 2080 mum
473 2020 573 2081 ortus
590 2032 698 2106 aegre
716 2020 887 2100 curatur;
915 2007 1105 2106 multoque
1121 2031 1168 2104 aer

345 2130 437 2218 post
453 2119 770 2218 quadragesimum
795 2144 933 2194 aunum
951 2122 1097 2220 coepit3
1128 2119 1169 2197 ad

353 2244 472 2307 aetate
497 2232 636 2332 aliquid
652 2233 690 2305 in
708 2245 838 2307 natura
863 2235 951 2331 spei,
979 2235 1045 2307 vit
1058 2233 1170 2332 quidq

354 2346 477 2421 dicina
492 2348 548 2422 sit.
602 2345 648 2420 Iu
665 2345 795 2421 eodem
814 2347 951 2432 morbo,
967 2349 997 2419 si
1015 2345 1122 2420 simul
1135 2359 1170 2420 to

348 2458 519 2548 afficitur,
535 2483 654 2558 neque
667 2472 751 2533 ante
764 2461 802 2532 in
815 2460 978 2558 partibus
989 2459 1117 2558 aliquis
1131 2482 1171 2533 ve

355 2588 563 2662 sensualest,
593 2574 657 2648 sed
674 2573 783 2647 homo
801 2599 847 2648 ex
872 2575 1067 2672 improviso
1085 2597 1172 2647 conc

355 2712 503 2786 cunque
520 2690 549 2762 is
566 2689 693 2763 aetatis
710 2698 777 2775 est,
797 2689 857 2761 vix
876 2686 1053 2760 sanescit:
1073 2687 1103 2758 si
1120 2710 1173 2760 ver

336 2817 337 2820 ’
354 2799 452 2874 laesa
476 2816 555 2889 est,.
573 2814 637 2876 aut
653 2818 846 2876 nervorum
873 2799 971 2874 facta
989 2797 1171 2886 resolutio,

353 2912 457 2986 locus
482 2938 556 2989 non
581 2927 648 2988 est.
700 2914 977 3013 Dejectionibus
1003 2935 1174 3011 quoquer

352 3026 462 3098 cessit
476 3055 488 3116 3
516 3028 545 3097 si
562 3027 801 3100 inflammatio
811 3027 1001 3124 jocinoris,
1020 3039 1083 3100 aut
1098 3049 1175 3123 pras

354 3146 419 3208 aut
444 3138 601 3228 ventris;
629 3140 659 3211 si
675 3138 875 3211 immodica
892 3140 968 3210 sitis
983 3169 994 3229 ;
1023 3139 1053 3211 si
1071 3137 1175 3236 longi·

354 3250 384 3321 si
401 3248 502 3321 alvus
528 3251 649 3340 varia3
679 3251 811 3322 sicum
838 3249 963 3323 dolore
981 3264 1046 3338 est,
1076 3253 1177 3325 etiam

353 3361 509 3436 riculum
528 3362 675 3436 subest:
708 3363 950 3460 maximeque,
977 3366 1004 3436 si
1023 3367 1117 3438 inter
1143 3363 1178 3437 br

353 3489 564 3550 veteraesse
578 3487 786 3575 coeperunt.
815 3474 925 3573 Isque
943 3478 1091 3549 morbus
1104 3500 1178 3549 maa

353 3590 511 3664 absumit
527 3614 643 3688 usque
659 3589 708 3662 ad
725 3613 861 3662 aunum
880 3589 1087 3663 decimum:
1110 3601 1180 3663 cet«

353 3702 496 3777 facilius
513 3705 702 3776 sustinent.
756 3701 894 3775 Mulier
907 3728 1053 3801 quoque
1066 3704 1181 3801 gravis

353 3837 441 3888 casu
458 3816 535 3913 rapi
553 3827 693 3914 potest;
725 3827 835 3913 atque
853 3817 992 3888 etiamsi
1013 3817 1092 3913 ipsa
1110 3839 1180 3888 con

352 3935 433 4000 tum
450 3938 571 4000 tamen
589 3926 719 4026 perdit.
772 3927 993 4014 Quinetiam
1011 3930 1167 4001 tormina

352 4061 433 4112 orsa
458 4038 643 4114 mortifera
659 4053 769 4130 sunt;
799 4055 864 4114 aut
882 4042 911 4113 si
930 4041 996 4113 sub
1015 4040 1082 4125 his,
1108 4052 1185 4114 extr

353 4174 515 4251 corpore,
533 4151 654 4226 subito
670 4154 774 4249 nigra
791 4152 892 4225 alvus
910 4153 1094 4252 profluxit.
1148 4152 1183 4225 A

352 4288 434 4338 rum
459 4264 606 4340 laevitas
633 4266 868 4364 periculosior
897 4279 962 4354 est,
992 4269 1020 4339 si
1049 4266 1187 4364 frequer

354 4390 434 4471 est;
463 4380 493 4453 si
509 4389 636 4453 venter
663 4380 831 4454 omnibus
857 4378 953 4453 horis
971 4393 1008 4454 et
1026 4404 1110 4454 cum
1137 4403 1188 4454 sor
