2858 5296
320 342 370 410 le
701 357 737 405 s.
756 354 868 406 cons.
888 351 994 403 cansr
1026 370 1031 385 ι

318 532 538 618 excernitur,
546 532 577 606 si
588 543 646 607 est
659 530 848 628 exignum,
862 525 1101 627 glutinosum,
1115 521 1152 594 la

316 643 492 743 idemque
516 643 788 745 subpallidum3
818 640 877 717 vel
900 642 931 715 si
954 649 1093 715 estant
1116 635 1153 709 lii

318 755 501 845 biliosum,
521 770 587 834 aut
602 769 809 844 cruentum,
828 767 893 830 aut
904 754 1036 854 pejoris
1048 749 1153 825 odori

320 871 598 946 consuetudine.
651 869 798 945 Malum
814 881 871 946 est
886 869 1008 956 etiam,
1034 861 1153 966 qnod]

320 981 441 1060 febres
458 985 642 1060 sincerum
660 996 727 1060 est

161 1120 294 1186 raneos·
372 1094 425 1173 V.'
447 1097 536 1174 Post
561 1097 651 1177 haec
676 1096 823 1183 indicia,
853 1101 994 1170 votum·
1009 1101 1076 1178 est,
1106 1088 1153 1165 lor

159 1190 240 1322 mli
251 1189 286 1238 ‘¹'
323 1211 412 1285 bum
428 1210 530 1287 fleri:
560 1211 614 1285 sie
630 1211 729 1286 enim
754 1234 903 1287 necesse
920 1219 987 1295 est,
1014 1206 1081 1279 nisi
1107 1227 1154 1278 oc

324 1349 397 1423 que
413 1325 512 1399 vitae
528 1322 598 1398 alis
614 1348 696 1423 spes
712 1325 750 1398 in
770 1323 912 1422 magnis
929 1320 1031 1395 malis
1047 1329 1113 1401 est,
1130 1340 1154 1414 q

324 1449 451 1535 petum
469 1437 586 1511 morbi
611 1437 791 1512 trahendo
817 1435 947 1534 aliquis
973 1431 1133 1529 effugiat,

326 1574 399 1648 que
423 1549 519 1624 inid
543 1563 699 1650 tempus,
727 1548 829 1649 quod
858 1546 1038 1624 curationi
1063 1543 1155 1618 lociu

331 1663 501 1738 Protinus
517 1673 641 1738 tamen
657 1665 762 1763 signa
777 1662 957 1762 quaedam
974 1673 1071 1745 sunt,
1096 1681 1145 1730 ex

323 1775 444 1875 ,ligere
461 1801 665 1876 possumus,
677 1778 858 1862 morbum,
877 1775 946 1851 etsi
963 1796 1037 1847 non
1054 1771 1156 1845 interr

328 1891 413 1987 gius
432 1901 554 1964 tamen
583 1901 729 1990 tempus
754 1889 986 1964 habiturum:
1016 1884 1080 1959 ubi
1096 1881 1156 1982 frig

328 2002 425 2077 inter
440 2000 562 2078 febres
587 2028 663 2077 non
681 2015 807 2077 acutas
832 2004 930 2076 circa
947 2010 1060 2099 caput
1076 2008 1157 2071 tant

328 2115 427 2191 vices
444 2117 582 2207 oritur3
610 2128 677 2192 aut
692 2118 767 2204 nbi,
793 2114 897 2191 febre
915 2139 989 2188 non
1007 2114 1157 2213 quiesce*

283 2299 288 2305 .
326 2227 499 2320 insudat,
531 2241 596 2305 aut
617 2230 681 2303 ubi
698 2255 832 2328 corpus
857 2228 969 2302 modo
984 2226 1158 2326 frigidum

327 2339 443 2415 lidum
461 2354 529 2430 est,
557 2355 595 2417 et
611 2342 712 2418 color
738 2343 829 2418 alius
847 2367 895 2416 ex
912 2341 983 2415 alio
1001 2341 1067 2432 lit;
1101 2353 1159 2415 aut

327 2456 424 2530 inter
440 2452 560 2530 febres
576 2455 699 2555 aliqua
715 2468 818 2555 parte
836 2456 1020 2542 abscessit,
1044 2452 1088 2528 ad
1108 2477 1159 2527 sar

328 2570 518 2668 pervenit;
547 2588 613 2645 aut
630 2572 694 2644 ubi
719 2595 828 2668 aeger
853 2594 922 2668 pro
940 2570 1057 2666 spatio
1085 2591 1160 2665 pam

328 2684 421 2758 scit:
449 2686 549 2771 item,
571 2684 601 2758 si
621 2686 725 2758 urina
738 2682 850 2758 modo
866 2682 1008 2780 liquida
1025 2693 1063 2754 et
1078 2703 1161 2777 pura

330 2794 442 2872 habet
455 2796 635 2895 quaedam
654 2798 878 2872 subsidentia
893 2826 904 2889 ς
927 2797 957 2869 si
974 2794 1092 2868 laevia
1107 2806 1162 2890 atq

331 2907 442 2981 brave
460 2922 555 2997 sunt,
589 2936 684 3007 quae
709 2913 748 2986 in
773 2937 818 2984 ea
834 2909 1028 2984 subsidunt
1040 2937 1051 2998 3
1080 2917 1146 2978 aut

332 3020 438 3114 quasi
456 3021 607 3095 miculas
625 3035 898 3119 repraesentat;
917 3034 983 3096 aut
999 3021 1028 3093 si
1045 3015 1162 3091 bullul

383 3129 452 3203 VI.
480 3132 554 3206 Sed
569 3135 665 3210 inter
683 3134 772 3209 haec
791 3134 951 3233 quidem,
971 3133 1157 3232 proposito

169 3247 314 3300 ruormu·
332 3252 456 3316 tamen
473 3263 650 3343 superest.
704 3245 769 3319 Ad
794 3246 1031 3320 ultimavero
1048 3245 1165 3344 jamv

167 3314 326 3436 {squami-
333 3366 525 3444 testantur,
544 3382 650 3434 nares
663 3372 804 3446 acutae,
825 3358 985 3458 collapsa
1002 3371 1166 3457 tempora

332 3471 424 3557 cavi,
455 3467 611 3569 frigidae
635 3471 904 3570 languidaeque
929 3498 1035 3548 aures
1061 3484 1100 3546 et
1123 3472 1167 3544 im

330 3581 461 3658 leniter
478 3587 634 3671 versae,¹'
659 3587 753 3660 cutis
771 3588 869 3660 circa
893 3585 1052 3660 frontem
1079 3584 1168 3658 dura

331 3696 433 3771 color
449 3712 514 3772 aut
530 3698 635 3796 niger
651 3713 716 3772 aut
732 3699 979 3799 perpallidus;
1007 3698 1169 3796 multoqu

330 3809 383 3881 ita
399 3809 491 3884 haec
517 3824 615 3898 suut,
646 3824 686 3886 ut
704 3836 823 3910 neque
842 3813 969 3912 vigilia
994 3837 1170 3911 praecessi

331 3922 468 3995 ventn‘s
492 3923 677 4012 resolutio,
708 3951 827 4024 neque
853 3926 987 4000 inedia.
1040 3925 1099 3999 Ex
1118 3951 1168 4023 qu

333 4032 519 4108 interdum
536 4034 630 4110 haec
654 4041 793 4135 species
819 4042 946 4126 oritur,
976 4038 1134 4113 seduno
1160 4063 1172 4112 r

333 4146 457 4244 itaque
475 4147 613 4224 diutius
630 4149 778 4238 durans,
799 4156 924 4227 mortis
944 4152 1057 4228 index
1075 4165 1141 4227 est.

369 4327 384 4358 ⁸
394 4323 497 4380 Notum
509 4332 558 4392 ost,
570 4325 598 4381 in
612 4328 678 4384 Cod.
692 4329 763 4385 Mod
774 4330 794 4385 1.
807 4339 836 4386 ot
848 4331 925 4386 Lind.

370 4409 540 4474 ”Advorsae
559 4409 621 4466 ibid.
640 4413 660 4460 οἵ
677 4419 737 4466 sacal
758 4419 944 4484 imppp-tm,
968 4415 1049 4488 supp.
1070 4416 1150 4471 Coae.
1163 4414 1176 4470 i.

335 4498 409 4548 tobes
422 4493 465 4547 hio
479 4493 562 4550 locus·
