2858 5296
329 366 400 435 114
703 382 740 429 u.
760 381 872 430 coms.
893 380 1001 430 cunsr

167 571 223 621 uo
210 587 289 622 m
381 554 471 629 XII.
493 554 634 629 Horror
650 567 773 631 autern
783 578 844 628 eas
856 552 933 628 fere
944 551 1062 629 febres
1075 564 1184 631 anteo

165 641 270 689 febriruu

167 718 297 759 oerumm.
330 682 472 744 certum
491 669 628 744 babent
644 669 851 754 circuitum,
878 678 917 742 et
942 691 990 742 ex
1014 677 1095 741 toto
1119 690 1184 743 reu

331 783 487 882 ideoque
504 782 704 858 tutissimae
721 793 818 866 sunt,
846 780 1076 879 maximeque
1099 802 1184 857 curu

329 897 491 972 mittunt.
542 894 640 969 Nam
653 894 716 968 ubi
730 896 870 968 incerta
885 904 1050 991 tempora
1066 903 1183 980 sunt!

330 1008 468 1097 ductio,
486 1031 607 1108 neque
623 1005 808 1093 balneum,
834 1030 954 1104 neque
971 1007 1110 1093 vinum,
1129 1028 1181 1081 no

330 1135 539 1198 ramentum
563 1119 665 1195 aliud
689 1131 789 1196 recte
807 1119 924 1194 datur.
977 1113 1179 1195 Incertum

329 1234 477 1333 quando
493 1233 604 1309 febris
620 1244 776 1308 ventura
792 1233 860 1307 sit:
881 1233 932 1306 ita
943 1231 1020 1306 fieri
1032 1243 1172 1331 potest,¹

327 1349 380 1422 ito
399 1349 549 1435 venerit,
575 1370 717 1421 summa
733 1348 772 1420 in
789 1370 834 1420 eo
850 1345 1030 1444 pernicies
1056 1347 1114 1431 sit,
1142 1368 1175 1444 qr

328 1474 438 1535 causa
448 1461 494 1535 sit
503 1461 707 1536 inventum.
741 1457 916 1558 Nihilque
929 1457 1028 1532 aiiud
1041 1458 1118 1532 fieri
1128 1481 1173 1557 po

331 1586 374 1649 ut
388 1575 514 1674 primis
531 1574 659 1650 diebus
672 1576 767 1650 bene
777 1573 999 1648 abstineatur
1011 1596 1138 1670 aeger;
1156 1570 1172 1647 c*

331 1685 485 1763 decessu
501 1686 612 1763 febris
629 1687 718 1788 ejus,
746 1711 839 1786 quae
864 1685 1074 1784 gravissima
1090 1696 1158 1772 est,

332 1812 419 1875 ruat
472 1800 529 1877 At
544 1804 608 1877 ubi
625 1814 747 1877 certus
759 1801 935 1875 circuitus
948 1811 1014 1885 est,
1032 1796 1168 1872 facilius

333 1925 543 2007 tentantur3
572 1916 657 2014 quia
674 1915 789 2012 magis
814 1936 1016 2011 proponere
1033 1911 1166 1985 nobist

333 2050 423 2100 num
440 2039 479 2100 et
494 2026 746 2102 decessionum
761 2027 857 2100 vices
874 2048 1076 2123 possumus.
1113 2022 1161 2098 In

332 2163 417 2212 cum
432 2140 738 2227 inveteraverunt,
758 2139 856 2213 utilis
869 2138 983 2213 fames
996 2162 1069 2211 non
1083 2150 1155 2212 est:

329 2251 522 2326 tummodo
535 2251 663 2326 diebus
673 2277 718 2326 ea
728 2250 969 2350 pugnandum
984 2263 1059 2336 est;
1075 2250 1161 2325 dein

330 2362 377 2437 da
391 2367 531 2440 curatio
543 2378 609 2452 est,
629 2379 668 2439 et
678 2377 762 2439 ante
776 2365 912 2451 horror,
928 2376 1007 2437 tum
1020 2361 1131 2439 febris
1143 2362 1160 2438 d

328 2477 448 2575 Igitur
458 2503 542 2552 cum
553 2479 710 2578 primum
721 2476 848 2576 aliquis
857 2477 1047 2564 inhorruit,
1060 2490 1098 2550 et
1107 2501 1155 2552 ex

328 2591 451 2678 caluito
471 2591 557 2666 dare
575 2593 608 2667 ei
626 2605 770 2691 oportet
793 2592 896 2689 potui
923 2591 1082 2689 tepidam
1100 2616 1157 2689 aqi

329 2729 415 2792 sam,
432 2718 468 2780 et
481 2730 629 2782 vomere
642 2730 725 2781 eum
740 2728 895 2803 cogere:
916 2728 999 2776 nam
1013 2702 1089 2778 fere
1103 2703 1155 2778 tal

328 2818 372 2890 iis
383 2820 510 2906 oritur
523 2843 616 2919 quae
629 2821 757 2894 biliosa
770 2821 808 2892 in
823 2818 1009 2893 stomacho
1022 2818 1154 2892 reseder

326 2927 623 3006 faciendumt
567 2945 634 3013 est,
665 2935 694 3006 si
722 2934 888 3031 proximo
913 2956 1059 3029 quoque
1087 2933 1152 3005 cir<

328 3040 507 3119 noceant·
506 3064 641 3173 nepe
657 3047 754 3117 enim
773 3048 823 3117 sic
842 3045 1044 3119 discutitur.
1096 3044 1151 3121 Jai

72 3198 75 3205 ·
167 3116 609 3240 wimintffl
653 3155 854 3241 scirelicet.
887 3158 1017 3255 Itaque
1031 3158 1098 3231 sub
1112 3183 1149 3232 es

375 3286 391 3343 1
720 3267 761 3354 is,
788 3294 881 3366 quae
899 3273 1031 3345 instare
1049 3272 1147 3347 tertia

351 3390 431 3473 -ῌ
595 3374 764 3455 balneum
783 3395 861 3467 est;
890 3382 1082 3482 dandaque
1104 3408 1146 3483 op

491 3491 708 3569 ..audoin
732 3495 821 3568 solio
847 3497 924 3569 sit.v
956 3496 993 3570 si
1018 3499 1069 3571 ibi
1094 3523 1142 3597 qu

563 3624 646 3683 mus
655 3602 753 3679 idem
777 3608 843 3680 sub
870 3612 1144 3707 exspectatione

527 3718 651 3809 κιαι·
680 3720 858 3817 siquidem
877 3746 921 3795 eo
939 3748 1085 3822 quoque
1103 3749 1142 3797 m

403 3839 536 3929 amr.-
585 3828 624 3906 Si
641 3855 688 3905 ne
705 3832 876 3908 balneum
890 3836 1039 3933 quidem
1056 3836 1142 3936 prof

330 3942 532 4018 cessionem
543 3940 668 4018 allium
681 3947 777 4032 edat,
796 3960 859 4021 aut
874 3949 974 4023 bibat
987 3950 1140 4024 calidam

330 4057 479 4154 pipere,
507 4058 686 4155 siquidem
712 4085 757 4133 ea
781 4086 928 4160 quoque
955 4080 1139 4138 assumta‹

331 4182 429 4252 vent,
455 4171 519 4268 qui
544 4170 730 4245 horrorem
756 4197 830 4246 uon
855 4175 1025 4250 admittit.
1079 4178 1138 4251 De

333 4282 453 4370 modo,
473 4308 546 4381 quo
562 4285 601 4357 in
618 4282 752 4382 frigore
770 4302 1005 4387 praeceptum
1032 4302 1098 4376 est,
1117 4317 1137 4364 a

333 4396 539 4471 horrescere
561 4399 684 4498 possit,
703 4401 906 4498 operiatur:
933 4402 1137 4502 fomentisqr
