2858 5296
354 378 403 445 22
734 401 769 448 s.
789 397 902 449 cons.
921 394 1024 447 cuusr

355 573 487 647 balneo
503 573 620 670 magis
642 573 844 670 superiores
859 581 991 670 partes,
1011 590 1120 668 quarn
1137 567 1180 641 int

357 696 450 759 reat
503 682 542 757 Si
559 685 640 784 quis
662 708 750 761 vero
769 696 921 760 exustus
937 684 975 759 in
989 681 1064 757 sole
1081 690 1147 766 est,
1164 676 1180 753 l

354 822 466 873 neuin
483 798 648 896 protinus
665 796 839 884 eundum,
851 792 1179 895 perfundendumqr

354 935 423 1010 pus
434 923 473 986 et
485 920 620 1010 capnt3
640 908 775 987 deinde
786 910 826 984 in
839 907 970 987 solium
980 908 1074 983 bene
1087 901 1178 989 cnlid

355 1021 519 1098 dendnm
536 1035 592 1097 est
603 1051 615 1114 ς
634 1032 714 1097 tum
727 1019 842 1098 multa
853 1046 949 1120 aqua
960 1044 1026 1120 per
1036 1028 1149 1122 caput
1167 1015 1178 1095 i

355 1137 457 1235 prius
478 1133 607 1222 calida.
634 1132 769 1211 deinde
791 1133 935 1234 frigida.
987 1132 1112 1220 Atei,
1139 1153 1177 1230 qt

355 1271 448 1347 opus
472 1258 528 1323 est
549 1247 588 1321 in
610 1245 742 1322 balneo
763 1249 921 1346 primum
940 1244 1107 1322 involuto
1131 1267 1177 1319 sei

354 1358 527 1452 insudet;
546 1371 626 1439 tum
644 1361 734 1459 ungi
745 1390 758 1454 ς
777 1360 910 1436 deinde
920 1359 1053 1435 lavaris
1072 1357 1176 1432 cibun

354 1475 521 1573 potiones
538 1496 698 1550 meracas
714 1498 908 1552 assumere.
960 1473 998 1551 Is
1016 1495 1112 1558 vero,
1131 1493 1176 1568 qu

354 1600 394 1663 et
409 1609 546 1666 nausea
561 1611 705 1686 pressus
723 1602 790 1677 est,
809 1590 840 1664 si
856 1589 1008 1717 mupm
1026 1586 1133 1664 bilem
1160 1608 1175 1661 e

355 1699 537 1776 abstinere
554 1700 639 1777 cibo
655 1700 776 1788 debet,
801 1700 862 1777 vel
878 1700 1027 1802 paulum
1045 1695 1175 1798 aliquid

356 1812 387 1886 si
410 1813 581 1912 pituitam
611 1813 753 1890 acidam
783 1813 923 1902 effudit,
949 1814 1075 1913 utique
1103 1832 1175 1886 sun

356 1925 423 2004 sed
439 1939 583 2002 assueto
599 1926 795 2008 levioremt
813 1929 844 2001 si
861 1929 938 2004 sine
956 1929 1096 2002 vomitu
1112 1948 1174 1999 nat

355 2040 547 2127 abstinere,
565 2039 624 2115 vel
640 2052 725 2139 post
736 2040 860 2117 cibum
875 2064 1032 2116 vomere.
1059 2036 1137 2126 Qui
1146 2062 1174 2112 vr

355 2151 412 2226 vel
438 2152 475 2224 in
502 2151 683 2241 vehiculo,
706 2152 764 2230 vel
786 2154 825 2231 in
848 2150 1065 2252 spectaculis
1087 2148 1174 2226 sedit

259 2295 262 2303 ¹
353 2263 587 2354 currendum,
606 2264 672 2340 sed
687 2264 786 2342 lente
803 2264 1065 2342 ambulandum
1089 2275 1166 2341 est:

354 2378 475 2477 quein
488 2376 619 2456 balneo
635 2403 748 2467 mora,
768 2379 852 2455 dein
866 2403 982 2455 coena
994 2379 1128 2476 exigua
1139 2400 1174 2477 pr

355 2502 563 2569 sueverunt
613 2490 652 2567 si
668 2492 750 2590 quis
774 2493 811 2566 in
837 2490 969 2566 balneo
992 2504 1144 2578 aestuat,
1167 2514 1174 2564 r

354 2629 420 2679 ore
435 2620 643 2701 exceptum,
662 2617 701 2681 et
716 2608 754 2679 in
772 2631 817 2681 eo
834 2617 1016 2687 retentum
1034 2617 1173 2681 acetum

356 2735 422 2805 est,
442 2718 573 2795 eodem
591 2719 702 2795 modo
715 2718 848 2819 frigida
863 2744 958 2817 aqua
974 2730 1143 2795 assumta

192 2828 328 2958 gemm
407 2831 511 2906 Ante
529 2835 651 2907 omnia
668 2845 789 2908 antem
804 2834 900 2908 norit
912 2833 1065 2931 quisque
1083 2843 1173 2906 natu

356 2943 477 3041 poris:
496 2947 668 3041 quoniam
685 2945 746 3019 alii
763 2945 927 3043 graciles,
946 2944 1006 3019 alii
1023 2944 1123 3019 obesi
1140 2967 1173 3018 su

354 3053 430 3141 lidi,
450 3053 510 3129 alii
526 3052 753 3153 frigidiorem
779 3056 839 3132 alii
857 3057 1008 3145 humidi,
1028 3057 1088 3131 alii
1105 3058 1173 3134 sice

354 3169 489 3255 stricta,
509 3165 598 3242 alios
613 3167 773 3246 resoluta
789 3167 892 3248 alvus
917 3184 1086 3248 exercet:
1111 3196 1173 3248 ran

354 3304 428 3356 non
445 3279 603 3380 aliquam
620 3291 761 3380 partem
775 3284 935 3383 corporis
951 3284 1169 3362 imbecillam

352 3396 435 3474 nuis
453 3419 540 3471 vero
557 3394 668 3471 homo
684 3393 835 3495 implere
853 3419 891 3471 se
907 3396 1029 3485 debet,
1048 3398 1174 3497 plenus

353 3509 492 3587 calidus
504 3505 727 3606 refrigerare,
740 3506 896 3612 frigidus
910 3509 1120 3599 calefacere,
1135 3536 1174 3586 m

351 3649 402 3712 re,
415 3625 533 3700 siccus
546 3618 795 3701 madefacere:
815 3624 977 3723 itemque
991 3623 1174 3700 alvumfin

351 3734 458 3830 fusa3
478 3736 617 3815 solvere
633 3735 674 3822 is,
694 3737 756 3809 cni
768 3735 941 3814 adstricta
951 3749 1029 3814 est:
1047 3762 1174 3813 succur

352 3877 495 3951 semper
510 3853 605 3952 parti
621 3852 781 3931 maxime
798 3851 975 3928 laboranti
993 3863 1059 3927 est.

188 3962 321 4041 Qum·
403 3964 540 4065 Implet
556 3976 678 4041 autem
695 3989 829 4064 corpus
845 3963 990 4040 modica
1002 3966 1175 4041 exercitat

185 4035 326 4155 mmm&
354 4079 424 4156 tior
440 4079 553 4177 quies,
573 4078 710 4164 unctio,
728 4090 766 4152 et
783 4079 813 4152 si
828 4089 911 4177 post
926 4077 1119 4176 prandium
1137 4102 1175 4154 es

352 4203 538 4268 contracta
555 4189 667 4278 alvus,
695 4190 881 4269 modicum
905 4189 1022 4290 frigus
1039 4191 1170 4282 hieme,

350 4307 478 4406 plenus
495 4316 532 4379 et
551 4329 625 4379 non
642 4305 749 4380 nimis
765 4303 909 4380 lonnus.
929 4304 1039 4376 molle
1055 4304 1176 4376 esibile

350 4420 494 4507 caritas,
514 4434 679 4522 assumta
689 4441 755 4504 re*
