2858 5296
85 13 955 335 -

818 386 825 397 u

509 473 514 487 Ι

380 738 748 802 mauruntum.
1020 736 1099 806 906

85 934 118 1003 2
147 924 376 1025 mm
390 948 496 1015 varo,
522 936 634 1025 atque
649 924 858 1026 emplastra,
876 927 1094 1030 pastillique,
1105 949 1245 1015 stanam.

85 1064 128 1116 ua
144 1034 485 1145 fflflraeci
502 1052 649 1126 vocant,
673 1064 761 1115 cum
784 1039 943 1139 plurima
965 1042 1094 1119 eadem
1102 1023 1249 1150 ,ἳρξᾞ

85 1148 422 1245 bunta'ffiuut
435 1176 495 1241 eo,
514 1152 616 1253 quod
632 1153 854 1252 malagmata
871 1156 1030 1231 maxime
1045 1153 1160 1232 ax‘ffll·

85 1266 425 1367 nauseamque
440 1266 553 1342 etiam
569 1265 744 1359 surculis,
762 1266 959 1365 emplastra
974 1269 1094 1366 pastil-

85 1404 136 1476 ne
149 1378 260 1479 mgis
274 1400 326 1453 ex
337 1378 562 1481 quibusdam
580 1377 771 1454 metallicis
788 1378 892 1454 fiunt.
945 1379 1094 1458 Deinde

85 1490 423 1591 lagmla'eottmtn
438 1490 588 1566 abunde
605 1489 850 1583 mollescunt3
879 1514 966 1566 uam
983 1518 1095 1593 super

85 1628 205 1705 gram
223 1612 357 1681 malem
378 1602 619 1704 injiciunturz
649 1602 828 1679 laboriose
852 1628 942 1679 veru
967 1618 1092 1680 conto·

85 1731 227 1807 strar-ua.
244 1738 299 1792 ex
315 1715 453 1816 quibus
476 1716 673 1816 emplastra
696 1715 902 1816 pastillique
917 1717 1023 1805 liunt,
1041 1741 1090 1801 ue

85 1828 357 1917 unvmnen,
382 1852 469 1903 eum
494 1831 664 1930 imposita
679 1842 778 1903 sunt.
828 1833 931 1905 Inter
953 1832 1089 1932 empla-

154 1952 286 2019 auum
297 1952 340 2018 et
354 1940 540 2041 pastillum
557 1942 629 2016 hoc
645 1944 808 2028 interest,
835 1942 936 2041 quod
952 1944 1086 2044 empla-

85 2056 288 2157 unu'qne
302 2053 436 2153 liquati
452 2053 591 2155 aliquid
607 2055 768 2153 accipite
794 2056 832 2127 in
848 2055 994 2154 pastillo
1009 2071 1087 2132 tan-

85 2162 520 2243 ufflmdieamenta
544 2166 670 2267 aliquo
693 2167 847 2240 humore
865 2167 1086 2266 junguntur.

85 2290 136 2361 {U
150 2276 385 2381 amphusum
403 2279 474 2355 hoc
499 2279 611 2369 modo
632 2278 697 2354 fit:
725 2277 828 2353 arida
844 2279 1087 2355 medicamen·

85 2414 153 2492 μ
164 2416 206 2471 aa
219 2404 417 2485 mentun
442 2392 578 2468 deiude
594 2393 720 2467 mixtis
736 2391 792 2465 his
808 2391 1005 2468 instillatur
1019 2410 1085 2471 aut

85 2518 182 2597 m
197 2508 314 2583 att-si
331 2506 416 2606 quis
432 2506 524 2583 alius
549 2529 623 2580 non
648 2507 797 2605 pinguis
813 2505 946 2581 humor
961 2532 1085 2584 acces·

85 2642 127 2699 us
140 2632 212 2711 est,
227 2636 272 2698 et
287 2646 334 2697 ea
345 2645 470 2696 rursus
487 2645 533 2696 ex
552 2646 597 2694 eo
609 2632 802 2696 teruntur:
821 2646 865 2695 ea
875 2646 974 2709 vero,
990 2648 1085 2722 quae

85 2736 150 2811 nri
173 2749 345 2837 possunt,
376 2735 423 2808 ad
452 2736 576 2833 ignem
603 2735 709 2807 simul
745 2735 958 2832 liquantur3
987 2751 1025 2809 et
1055 2739 1085 2809 si

85 2847 208 2925 tl-ulei
234 2849 381 2922 miseeri
399 2847 519 2934 debet,
544 2860 623 2921 tum
640 2845 870 2921 infunditur:
897 2846 1084 2921 interdum

85 2961 439 3061 maridumaliquod
450 2961 584 3035 expleo
594 2961 694 3059 prius
704 2961 886 3056 coquitur.
907 2957 1086 3034 Ubifacta

85 3092 119 3164 tt,
134 3100 235 3176 quaa
252 3075 446 3174 separatim
459 3074 535 3147 lieri
550 3073 769 3159 debuerunt,
784 3074 822 3143 in
838 3095 952 3143 unum
964 3075 1086 3145 omnia

85 3202 233 3267 mnu.
271 3189 328 3262 At
340 3187 472 3287 pastilli
491 3187 581 3262 haec
596 3187 689 3260 ratio
702 3197 783 3259 est:
810 3182 911 3256 arida
927 3184 1085 3259 medica-

85 3320 147 3380 !ta
171 3304 349 3397 contrita,
368 3302 520 3376 humore
550 3323 625 3375 non
655 3301 798 3398 pingui,
834 3309 877 3372 ut
909 3299 995 3372 vino
1025 3301 1084 3374 vel

85 3432 140 3506 tu,
167 3432 367 3516 coguntur,
399 3429 447 3490 et*
467 3441 591 3490 rursus
619 3424 758 3500 coacta,
786 3414 1005 3501 inarescunt,
1031 3429 1082 3490 at-

85 3530 193 3617 nubi
210 3529 392 3604 utendum
410 3541 477 3616 est,
503 3527 667 3629 ejusdem
693 3526 836 3625 generis
860 3526 1012 3603 humore
1030 3530 1082 3603 di·

85 3654 188 3721 ntur.
240 3641 342 3717 Tum
356 3642 591 3741 emplastrum
604 3639 814 3739 imponitur,
833 3640 996 3737 pastillus
1012 3642 1079 3716 illi-

85 3776 137 3841 m,
151 3769 217 3834 aut
233 3754 345 3830 alicui
361 3754 528 3841 molliori,
548 3766 592 3829 ut
608 3767 742 3839 cerato,
762 3753 946 3826 miscetur.

85 3864 230 3959 xvssl.
258 3878 294 3942 1.
314 3868 385 3942 His
402 3870 570 3967 cognitis,
589 3869 747 3965 primum
765 3865 983 3963 malagmata
999 3867 1251 3953 sub-sungmaa

85 3978 158 4070 h,
172 4007 270 4082 quae
287 3980 364 4056 fere
381 4006 455 4055 non
474 3993 561 4054 sunt
577 3979 825 4078 refrigerandi,
841 3977 906 4050 sed
917 3976 1082 4053 calefaci-

85 4088 248 4173 fieausa
273 4109 428 4194 reperta.
481 4094 549 4168 Est
575 4107 710 4179 tamen,
739 4091 842 4190 quod
869 4089 1082 4189 refrigerare

85 4206 148 4309 uit,
160 4208 209 4283 ad
226 4207 363 4283 calidas
379 4207 560 4307 podagras
574 4220 713 4305 aptum.
768 4204 894 4277 Habet
910 4203 1028 4303 gallae
1045 4220 1084 4281 et

85 4308 238 4397 maturae
268 4334 307 4395 et
336 4321 494 4407 alterius,
527 4317 711 4394 coriandri
740 4318 897 4403 seminis,
925 4319 1079 4405 cicutae,

85 4433 191 4509 rimae
208 4434 363 4520 aridae,·
380 4435 532 4532 gummi,
553 4432 779 4529 singulorum
794 4430 944 4530 plenum
963 4444 1081 4504 acuta·

94 4643 254 4712 Inflabat.
270 4647 309 4701 uti
320 4647 424 4711 Tanau,
438 4654 543 4702 tantum
561 4651 683 4722 superest
694 4661 805 4699 summa.
842 4642 997 4715 Lugendum
1009 4641 1081 4695 enim

85 4744 198 4799 muria,
209 4748 363 4787 uentura
375 4748 491 4797 aumas,
509 4739 603 4804 utpote
615 4748 695 4803 quam
708 4745 742 4781 ex
755 4747 786 4781 ea
804 4727 939 4780 veteribus
957 4724 1082 4795 colligere

85 4823 156 4870 tant.
190 4822 208 4847 ‘⁴
222 4814 367 4888 Colligitur
378 4833 412 4869 ex
430 4833 554 4888 suprema
571 4815 629 4886 ejus
648 4812 781 4886 (cicutae)
800 4829 875 4864 mma
893 4825 991 4862 succus
1009 4815 1083 4884 ante-

85 4901 347 4955 ammonens
387 4900 578 4953 Drosc.iv.77.
