2858 5296
358 344 427 410 loo
731 362 765 410 n.
784 360 895 411 conr.
914 361 1019 413 caan

353 536 546 634 praecipue
563 560 639 610 esse
652 533 806 622 leminis,
827 559 920 633 quae
932 560 979 609 ex
995 547 1100 635 partu
1112 537 1151 609 in
1168 533 1224 611 fel

353 650 497 723 derunt.

190 756 336 887 «imm
403 760 475 836 Sed
492 785 577 836 eum
595 774 759 860 tempora
775 761 859 835 cibo
875 761 1087 859 potionique
1097 759 1209 835 febris

193 892 328 941 amuda·
353 875 462 949 sionis
479 877 570 950 ratio
588 874 662 962 det,
681 899 754 949 non
771 886 826 948 est
843 873 1151 972 expeditissimum
1170 875 1220 948 sci

354 988 403 1062 do
420 1013 529 1088 aeger
544 988 738 1075 febricitet,
766 985 913 1085 quando
937 987 1064 1061 melior
1088 989 1145 1075 sit,
1172 1011 1220 1086 qu

352 1101 470 1177 ficiat:
498 1103 574 1176 sine
592 1102 722 1199 quibus
739 1100 935 1198 dispensari
947 1100 1006 1173 illa
1023 1124 1095 1174 non
1109 1124 1218 1199 possu

353 1217 408 1288 nis
425 1217 521 1289 enim
539 1215 697 1288 maxime
722 1214 913 1299 credimus,
933 1210 1179 1287 fallacissimae
1204 1237 1219 1286 r

352 1352 458 1426 saepe
484 1329 572 1402 istae
596 1327 750 1401 leniores
775 1325 1010 1400 celerioresve
1035 1339 1130 1414 sunt,
1155 1338 1219 1401 etr

352 1465 453 1527 sexu,
472 1458 510 1516 et
527 1464 721 1540 corporum
738 1453 890 1516 natura:
918 1453 957 1514 et
972 1439 1187 1539 plerumque
1204 1464 1218 1515 ε

349 1577 512 1652 corpore,
540 1555 569 1627 si
594 1553 801 1627 stomachus
826 1552 988 1627 infirmus
1027 1566 1092 1638 est,
1131 1576 1218 1627 nonr

348 1667 456 1740 ctiam
474 1666 672 1764 incipiente
689 1664 801 1752 febre,
821 1665 1218 1764 subeuntetquiescunr

347 1780 498 1855 becillus
523 1782 553 1853 is
579 1779 693 1854 videri
718 1780 840 1877 possit
859 1780 919 1852 cui
944 1777 1051 1852 facile
1069 1779 1217 1877 laturop

347 1906 418 1967 stat
434 1893 603 1968 accessio.
656 1890 793 1966 Contra
810 1916 916 1988 saepe
935 1916 994 1965 eas
1008 1893 1169 1970 concitat
1193 1914 1217 1965 e

347 2005 410 2092 sol,
438 2018 476 2079 et
501 2005 682 2089 balneum,
710 2018 748 2077 et
770 2006 994 2090 exercitatio,
1014 2018 1052 2077 et
1070 2019 1199 2090 metus,

346 2117 501 2216 quilibet
517 2116 607 2190 alius
624 2118 734 2189 animi
751 2115 925 2189 affectus:
954 2117 1047 2190 adeo
1065 2130 1116 2203 ut,
1136 2139 1216 2190 cum

346 2230 510 2304 medicus
526 2229 637 2316 venit,
653 2228 858 2302 sollicitudo
871 2231 969 2326 aegri
983 2229 1193 2316 dubitantis,
1207 2254 1216 2303 r

189 1181 287 1236 l'ulaus.

349 2482 436 2543 sam,
451 2457 557 2555 periti
569 2454 703 2529 medici
720 2467 784 2541 est,
805 2479 878 2527 uon
896 2459 1061 2552 protinus
1080 2468 1120 2529 ut
1136 2456 1216 2529 veni

347 2570 506 2645 bendere
525 2593 636 2642 manu
653 2567 863 2642 brachium:
892 2568 956 2640 sed
973 2570 1129 2666 primum
1155 2571 1216 2642 resi

351 2685 415 2756 lari
437 2683 551 2770 vultu,
566 2682 854 2781 percontarique,
868 2681 1174 2778 quemadmodum
1188 2706 1215 2756 ε(

344 2809 382 2895 et
409 2799 438 2869 si
464 2798 544 2894 quis
569 2795 648 2892 ejus
673 2808 791 2868 metus
817 2808 881 2881 est,
909 2819 992 2867 eum
1019 2794 1194 2891 probabili

341 2911 479 2983 lenire:
509 2922 587 2982 tum
606 2908 738 2981 deinde
755 2909 832 3005 ejus
850 2908 990 3005 corpori
1016 2932 1165 2979 manum
1182 2933 1215 2980 a<

327 3023 331 3032 “
347 3022 448 3108 Quas
467 3044 575 3092 venas
593 3033 714 3093 autem
734 3036 950 3117 conspectus
976 3021 1107 3093 medici
1127 3045 1215 3094 mov*

340 3134 447 3208 i'acile
474 3132 571 3204 mille
588 3156 644 3226 res
661 3132 831 3205 turbant!
885 3132 1014 3206 Altera
1030 3158 1086 3205 res
1104 3147 1169 3220 cst,
1194 3158 1214 3207 c

339 3271 434 3333 mus,
455 3243 565 3331 calor,
584 3267 699 3341 aeque
722 3242 857 3319 fallax:
885 3269 967 3317 nam
996 3246 1054 3319 lric
1081 3264 1215 3344 quoque

338 3374 398 3436 tur
408 3371 521 3445 aestu,
535 3356 668 3443 labore,
689 3380 826 3443 somne,
847 3372 958 3444 metu,
975 3359 1215 3434 sollicitudine

337 3474 470 3549 intueri
484 3470 631 3570 quidem
649 3471 757 3544 etiam
776 3471 842 3542 ista
862 3486 1030 3568 oportet;
1058 3474 1122 3546 sed
1140 3473 1215 3547 his:

338 3589 398 3660 nia
415 3584 576 3661 credere.
630 3582 689 3656 Ac
706 3585 871 3680 protinus
886 3584 1033 3681 quidem
1051 3588 1153 3673 scire,
1180 3610 1215 3659 n<

339 3701 451 3773 citare
468 3722 564 3784 eum,
584 3695 689 3795 cujus
708 3720 819 3769 venae
838 3697 1048 3771 naturaliter
1074 3699 1216 3773 ordinat

176 3775 297 3905 {popum
339 3825 516 3910 teporque
529 3809 610 3885 talis
627 3821 693 3896 est,
708 3810 823 3908 qualis
849 3835 926 3883 esse
944 3813 1036 3884 sanis
1060 3811 1173 3886 solet:
1203 3836 1216 3884 r

335 3927 435 3999 tinus
452 3940 574 3997 autem
592 3923 658 3996 sub
677 3923 796 3997 calore
821 3937 996 4021 motuque
1012 3923 1151 4000 febrem
1169 3949 1216 3998 ess

335 4062 447 4137 pere3
476 4035 540 4107 sed
557 4037 618 4120 ita,
638 4037 668 4107 si
683 4061 824 4109 summa
849 4062 994 4134 quoque
1020 4036 1120 4110 arida
1144 4040 1216 4111 inae

335 4151 428 4224 cutis
446 4163 526 4237 est3
555 4149 584 4218 si
602 4146 700 4221 calor
718 4150 808 4222 etin
827 4147 946 4222 fronte
965 4162 1029 4236 est,
1050 4164 1086 4223 et
1104 4174 1147 4226 ex
1176 4153 1217 4224 in

337 4262 468 4338 cordiis
494 4262 630 4352 oritur;
659 4265 687 4334 si
714 4263 858 4360 spiritus
884 4287 930 4333 ex
957 4263 1102 4335 naribus
1129 4288 1213 4336 cum

336 4376 561 4480 prorumpit3
590 4376 619 4448 si
645 4375 754 4462 color,
774 4386 836 4449 aut
864 4375 1005 4472 rubore,
1034 4388 1097 4449 aut
1123 4376 1218 4476 pallo

180 3104 259 3155 Calor.
