2858 5296
683 197 689 208 Ι

152 251 291 274 ''¹¹—w
319 273 324 278 y

816 436 823 447 ἱ

310 664 529 717 nummula
545 668 622 719 ars.
643 672 692 720 rr.
959 658 1030 725 153

109 852 172 917 est.
220 837 261 913 Si
273 838 314 913 in
332 863 440 915 nares
457 839 663 930 destillavit,
684 848 803 921 tenuis
816 869 881 947 per
897 848 962 925 bas
974 855 1028 950 pi.

90 952 243 1054 profluit,
253 964 366 1053 caput
382 951 511 1028 leviter
524 954 634 1046 dolet,
649 960 809 1055 gravitas
825 961 903 1060 ejus
917 967 1026 1041 senti-

89 1067 270 1168 'requentia
295 1079 588 1145 sternutamenta
614 1082 710 1147 sunt
763 1072 802 1147 Si
826 1075 864 1148 in
889 1075 1023 1167 fauces,

89 1191 257 1283 imperat,
269 1179 486 1256 tussiculam
503 1196 638 1259 movet
690 1184 784 1260 Sim
803 1185 1024 1285 pulmonem,

89 1322 125 1373 er
145 1305 434 1372 sternutamenta
459 1307 497 1370 et
521 1298 660 1382 tussim,
686 1311 742 1372 est
764 1301 874 1375 etiam
898 1304 1026 1400 capitis

89 1407 345 1499 taslassitudo,
360 1408 448 1495 sitis,
463 1423 594 1496 aestus,
606 1409 734 1485 biliosa
752 1414 894 1487 urina·
945 1413 1026 1488 Ali·

89 1538 181 1611 rtem,
207 1522 379 1623 quamvis
404 1544 478 1594 nou
513 1521 669 1598 multum
702 1523 852 1610 distans,
885 1524 1023 1603 malum

89 1638 128 1714 lo
152 1648 222 1713 est.
277 1633 386 1708 Haec
402 1658 507 1708 nares
524 1635 672 1725 claudit,
692 1662 820 1713 vocem
838 1639 1021 1729 obtundit,
1031 1657 1150 1709 savena

89 1818 91 1825 .
115 1755 257 1829 siccam
283 1758 429 1822 movet:
456 1748 522 1822 sub
549 1748 676 1824 eadem
701 1750 793 1825 salsa
816 1764 873 1827 est
896 1752 1020 1839 saliva,

88 1894 96 1942 ·.
125 1888 249 1950 ames,
284 1884 402 1935 venae
429 1875 621 1937 moventur
649 1865 687 1936 iu
717 1866 846 1964 capite,
874 1867 1021 1941 turbida

89 1993 153 2057 est.
205 1975 318 2051 Haec
341 1975 462 2048 omnia
477 1975 617 2073 κοςΰζας
634 1975 879 2075 Hippocrates
904 1982 1018 2053 nomi-

89 2118 184 2169 nuuc
208 2090 322 2165 video
346 2086 444 2186 apud
469 2088 636 2164 Graecos
662 2090 699 2162 in
724 2091 921 2188 gravedine
946 2092 1017 2167 hoc

89 2205 291 2295 nservari3
319 2200 608 2291 destillationem,
635 2202 873 2301 κατασταγμὼ
896 2204 1019 2303 appel-

108 2318 212 2395 Haec
235 2328 361 2392 autem
385 2329 424 2390 et
447 2315 584 2402 brevia,
611 2330 649 2390 et
673 2317 704 2390 si
730 2317 898 2414 neglecta
920 2328 1017 2403 suat,

103 2457 181 2509 esse
204 2441 440 2507 consuerunt
492 2427 594 2503 Nihil
619 2427 832 2528 pestiferum
857 2442 921 2516 est,
947 2430 1015 2504 nisi

89 2546 290 2623 sulmonem
302 2542 537 2618 exulceravit.
589 2542 664 2618 Ubi
680 2543 819 2644 aliquid
835 2544 1125 2750 ejusmodicpm
1044 2583 1132 2682 epm

89 2687 152 2748 urs,
181 2659 350 2759 protinus
375 2656 553 2729 abstinere
578 2681 601 2730 a
624 2656 709 2745 sole,
738 2658 880 2746 balneo,
915 2638 1053 2749 vinuli,

89 2775 323 2851 rtdebernus
355 2772 449 2843 inter
478 2795 570 2866 quae
599 2773 781 2854 unctione,
806 2786 844 2845 et
870 2718 1081 2845 assuetora

89 2888 314 2965 ribilominus
342 2885 395 2956 uti
422 2882 517 2956 licet.
583 2883 846 2957 Ambulatione
872 2895 1016 2957 tantum

89 3005 134 3080 ed
149 3012 250 3079 tecta
271 2995 446 3073 utendum
465 3011 529 3082 est,
544 3008 672 3094 etpost
683 3020 763 3068 eam
776 3006 889 3092 caput
906 3008 1015 3092 atque

89 3144 137 3193 ua
160 3111 403 3215 quinquagies
427 3108 712 3208 perfricandum.
764 3107 937 3205 Raroque
961 3109 1012 3196 fit,

89 3232 199 3317 sidon,
215 3227 275 3303 vel
292 3239 391 3300 certe
409 3224 531 3297 triduo
551 3222 653 3294 nobis
668 3221 959 3318 temperavimus
974 3223 1013 3296 id

89 3369 184 3419 raon
203 3342 357 3417 levetur.
409 3339 495 3426 Quo
512 3335 644 3418 levato,
663 3335 746 3407 siin
773 3333 1012 3411 destillatione

99 3456 199 3533 sacta
214 3455 347 3554 pituita
363 3464 428 3538 est,
443 3451 498 3524 vel
518 3451 554 3522 in
572 3447 769 3546 gravedine
784 3472 887 3523 nares
898 3453 1012 3549 magis

89 3571 253 3653 ,balneo
270 3566 447 3640 utendum
477 3577 540 3647 est,
572 3561 759 3661 multaque
789 3588 885 3661 aqua
913 3567 1012 3660 prius

89 3698 193 3784 ,post
204 3680 357 3780 egelida,
376 3677 574 3753 fovendum
588 3702 638 3762 os,
655 3688 857 3776 caputque3
877 3677 1011 3752 deinde

89 3799 152 3873 ibo
174 3795 337 3896 pleniore
359 3794 484 3865 vinum
502 3789 712 3864 bibendum.
763 3791 820 3863 At
844 3791 874 3863 si
899 3814 1014 3888 aeque

96 3923 228 4011 quarto
242 3907 300 3982 die
314 3906 444 4004 pituita
457 3917 523 3991 est,
542 3902 598 3977 vel
616 3928 719 3977 nares
736 3927 852 4000 aeque
870 3901 1013 3976 clausae

89 4050 146 4110 ur,
165 4019 424 4095 assumendum
442 4030 496 4091 est
515 4017 638 4091 vinum
657 4015 879 4090 Aminaeum
897 4026 1013 4089 suste

109 4135 245 4211 deinde
279 4157 400 4207 rursus
433 4130 546 4204 biduo
577 4154 697 4228 aqua;
733 4141 816 4226 post
848 4153 942 4225 quae
967 4128 1014 4202 ad

89 4276 153 4335 rm,
178 4262 216 4322 et
241 4247 289 4320 ad
318 4244 620 4321 consuetudinem
655 4241 911 4316 revertendum
946 4255 1011 4316 est.

89 4377 244 4439 atamen
263 4361 332 4434 illis
348 4361 433 4459 ipsis
451 4359 590 4444 diebus,
610 4358 741 4454 quibus
766 4356 886 4454 aliqua
910 4357 1014 4428 omit-

102 4490 195 4564 sunt,
215 4475 364 4573 expedit
380 4487 553 4572 tanquam
570 4496 697 4569 aegros
713 4494 822 4567 agere
838 4501 848 4561 3
877 4469 941 4541 sed
959 4492 1016 4540 ce·

89 4672 127 4709 rm
138 4654 270 4719 nimirum,
288 4651 372 4724 qualis
384 4651 512 4706 catarrhis
524 4649 706 4703 laborantibus
719 4665 775 4702 esse
790 4647 866 4710 solet,
890 4664 924 4699 cx
943 4643 1022 4715 phos·

89 4738 146 4794 alcis
157 4748 184 4794 et
197 4739 273 4793 acido
285 4738 359 4793 utico
372 4735 505 4792 liberalius
517 4733 651 4806 depositis.
