2858 5296
449 736 666 789 uunrcmnn
682 736 758 789 cra.
778 741 828 789 ιν.
1084 723 1155 801 149

128 932 202 1001 nasa,
212 912 378 1013 jungitur
393 936 465 1014 per
483 936 594 989 venas
611 936 696 987 cum
720 914 907 1000 intestino,
926 939 1042 1013 eoque
1059 939 1151 1001 osse,

126 1025 207 1123 qnod
229 1026 315 1125 pubi
335 1026 486 1103 urbest:
517 1027 595 1125 ipsa
621 1024 741 1101 soluta
764 1039 876 1125 atque
902 1024 1047 1101 liberior
1071 1039 1146 1103 est:

127 1135 212 1213 aliter
226 1139 263 1213 in
276 1139 356 1215 viris
371 1153 487 1240 atque
504 1140 543 1212 in
559 1136 704 1212 feminis
720 1139 848 1236 posita
896 1138 993 1214 Nam
1009 1142 1048 1214 in
1063 1142 1148 1215 viris

126 1245 211 1345 juxta
231 1263 365 1327 reemm
395 1253 614 1331 intestinum
647 1263 714 1340 est,
748 1254 872 1350 potius
904 1254 943 1326 in
970 1254 1148 1329 sinistram

130 1376 241 1457 partem
260 1364 457 1458 inclinata3
484 1366 523 1438 in
548 1363 693 1439 feminis
717 1388 827 1464 super
849 1364 1009 1463 genitale
1028 1390 1151 1441 earum

131 1473 181 1547 sita
199 1490 255 1561 est,
280 1502 468 1579 supraque
496 1477 607 1576 lapsa,
630 1477 675 1551 ab
705 1478 782 1576 ipsa
807 1476 915 1551 vulva
940 1479 1150 1561 sustinetur,

89 1630 91 1691 j
131 1580 243 1663 lunio
255 1590 430 1666 masculis
443 1592 512 1665 iter
525 1591 649 1663 urinae
663 1590 851 1688 spatiosius
862 1605 900 1664 et
910 1591 1151 1689 compressius

89 1696 91 1809 l
129 1703 270 1777 service
286 1701 403 1803 hujus
421 1701 610 1777 deseendit
627 1700 675 1776 ad
692 1701 833 1788 colem;
852 1703 890 1774 in
908 1701 1053 1776 feminis
1070 1702 1149 1778 bre·

89 1818 91 1849 ²
128 1810 225 1891 unet
238 1814 399 1915 plenius,
418 1839 528 1914 super
547 1814 678 1890 vulvae
704 1816 882 1890 cervicem
909 1839 949 1889 se
974 1814 1146 1891 ostendit.

128 1914 214 2003 lulva
228 1942 356 2005 autem
374 1930 414 2003 in
428 1928 629 2025 virginibus
642 1927 791 2027 quidem
801 1926 999 2002 admodum
1010 1929 1147 2027 exigua

124 2050 177 2127 αῖς
196 2043 233 2115 in
249 2042 467 2117 mulieribus
484 2065 580 2127 vero,
597 2041 667 2114 nisi
683 2041 748 2115 ubi
765 2038 936 2138 gravidae
948 2052 1044 2127 sunt,
1071 2065 1146 2117 non

121 2152 213 2229 nulto
226 2154 351 2255 major,
369 2178 481 2254 quam
499 2165 542 2228 ut
557 2178 669 2227 manu
687 2151 1029 2251 comprehendatur.
1079 2153 1146 2241 Ea,

116 2277 203 2341 tecta
230 2278 449 2368 tenuataque
483 2268 635 2356 cervice,
668 2291 778 2367 quem
809 2265 972 2341 canalem
1002 2279 1146 2357 vocant,

113 2390 229 2455 contra
241 2378 393 2455 mediam
412 2380 534 2455 alvum
557 2405 648 2469 orsa,
675 2380 763 2454 inde
787 2379 939 2477 paulum
955 2379 1003 2454 ad
1019 2379 1145 2456 dexte·

106 2492 227 2569 liorem
259 2518 389 2571 coxam
421 2495 670 2580 convertitur3
704 2493 839 2568 deinde
866 2518 975 2593 super
1001 2507 1143 2569 rectum

99 2600 304 2683 intestinum
319 2631 523 2706 progressa,
540 2607 610 2680 iliis
627 2603 782 2681 feminae
799 2606 912 2682 latera
935 2632 1001 2681 sua
1017 2607 1143 2681 innec-

98 2720 149 2795 tit.
196 2720 284 2820 lpsa
300 2734 425 2795 autern
443 2721 502 2793 ilia
519 2721 614 2794 inter
630 2743 741 2792 coxas
758 2732 795 2793 et
812 2721 948 2818 pubem
965 2721 1040 2793 imo
1057 2744 1143 2792 ven·

95 2842 146 2909 tre
160 2836 280 2933 posita
296 2847 394 2909 sunt.
439 2832 477 2906 A
494 2832 678 2931 quibusae
690 2832 788 2931 pube
801 2832 984 2905 abdomen
1001 2855 1142 2904 sursum

94 2967 215 3021 versus
229 2948 280 3021 ad
295 2946 512 3046 praecordia
534 2946 723 3044 pervenit3
750 2946 796 3018 ab
823 2944 1002 3018 exteriore
1028 2954 1142 3041 parte,

94 3060 253 3135 evidenti
270 3073 381 3151 cute;
400 3059 445 3133 ab
463 3059 631 3133 interiore
643 3057 714 3132 levi
728 3058 939 3130 membrana
950 3055 1143 3142 inclusum,

93 3198 190 3273 quae
205 3186 354 3248 omento
372 3172 564 3272 jungitur3
591 3170 779 3268 περιτόναιος
804 3179 926 3241 antem
951 3165 1144 3241 aGraeeis

93 3286 312 3361 nominatur.

149 3397 205 3473 Il.
230 3408 264 3475 l.
288 3400 359 3475 llis
375 3398 489 3475 veluti
513 3402 551 3473 in
577 3411 815 3497 conspectum
841 3398 1035 3495 quendam,
1056 3423 1142 3500 qua·
1151 3426 1234 3509 noni

99 3524 204 3587 tenus
219 3514 310 3589 scire
328 3514 471 3588 curanti
488 3514 728 3588 necessarium
747 3524 812 3599 est,
831 3510 1010 3600 adductis,
1028 3511 1247 3589 reme-⁰⁸9³*

103 3624 158 3701 dia
171 3627 397 3728 singularum
414 3626 653 3702 laborantium
665 3628 822 3727 partium
836 3652 1022 3729 exsequar,
1039 3655 1142 3705 orsus

105 3742 268 3840 sopite:
284 3741 353 3815 sub
363 3765 438 3840 quo
451 3741 596 3815 nomine
608 3764 707 3814 nune
720 3739 883 3839 significo
895 3766 975 3816 eam
988 3756 1140 3843 partem,

109 3876 190 3951 quae
204 3852 339 3953 capillo
356 3854 512 3952 tegitur:
536 3877 621 3927 nam
646 3851 846 3942 oculorum,
872 3856 1027 3940 aurium,
1053 3853 1142 3928 den-

111 3966 191 4039 tium
205 3965 320 4055 dolor,
339 3979 377 4042 et
394 3968 423 4039 si
442 3967 521 4065 quis
538 3966 661 4040 similis
677 3976 745 4053 est,
769 3965 856 4039 alias
873 3968 942 4042 erit
957 3965 1142 4065 explican-

115 4072 183 4151 dus.
229 4077 275 4151 In
293 4080 412 4178 eapite
437 4090 559 4153 autem
586 4077 768 4152 interdum
794 4089 923 4152 acutus
941 4090 979 4152 et
994 4075 1144 4177 pestifer

117 4190 246 4267 morbus
273 4203 341 4277 est,
372 4215 482 4289 quam
505 4191 685 4283 κεφαλαίων
708 4189 843 4264 Graeci
861 4201 1014 4264 vocant:
1042 4189 1145 4290 cujus

89 4386 92 4405 ‚
121 4314 208 4378 nobe
223 4318 319 4393 sunt,
337 4303 464 4378 horror
480 4302 631 4390 validus,
651 4327 844 4377 nervorum
857 4302 1040 4392 resolutio,
1058 4328 1146 4378 ocu-

89 4408 218 4489 llomm
249 4418 380 4515 caligo,
415 4418 547 4490 mentis
585 4417 765 4503 alienatio,
805 4417 971 4505 vomitus,
1007 4418 1069 4504 sie,
1104 4428 1147 4489 ut

129 4534 458 4631 vorsupprimatur3
487 4530 544 4604 vel
563 4531 749 4629 sanguinis
765 4555 813 4604 ex
834 4529 980 4603 naribus
1005 4553 1143 4614 corsua,

133 4635 179 4723 ilc,
206 4656 242 4717 ut
272 4669 405 4743 corpus
437 4642 618 4742 frigescat,
652 4645 773 4717 anima
802 4641 968 4717 deficiat:
1003 4656 1146 4741 praeter
