2858 5296
630 971 812 1054 LIBER
842 969 1126 1061 QUARTUS.

588 1325 794 1374 MORBORUM
816 1322 983 1371 Patrium
1000 1322 1170 1372 CURATIO.

192 1809 336 1891 nepum
356 1792 389 1868 I.
427 1794 639 1869 Hscrnnus
672 1797 904 1892 reperiuntur
936 1819 981 1867 ea
1012 1816 1147 1892 genera
1179 1814 1192 1866 r

192 1891 345 2009 2¹⁸¹&
356 1933 450 2006 quae
461 1909 500 1981 in
519 1908 603 1982 totis
619 1908 830 2005 corporibus
847 1909 898 1981 ita
914 1921 1010 1991 sunt,
1029 1919 1072 1982 ut
1095 1907 1140 1979 iis
1163 1928 1191 1981 α

355 2022 529 2118 assignari
545 2043 618 2093 non
636 2021 797 2118 possint:
824 2045 923 2094 nunc
941 2020 987 2094 de
1004 2021 1048 2093 iis
1060 2019 1189 2109 dinam,

355 2135 394 2206 in
426 2133 600 2233 partibus.
663 2132 821 2207 Facilius
850 2146 974 2209 autern
1003 2135 1188 2234 omnium

360 2246 478 2321 morbi
500 2245 779 2344 curationesque
808 2248 847 2319 in
874 2249 1040 2322 notitiam
1068 2249 1188 2321 venier

194 2386 344 2439 amour-0
358 2384 486 2435 eorum
497 2358 601 2435 sedes
613 2358 771 2434 breviter
780 2359 984 2435 ostendero.
1012 2359 1187 2461 Caputig

195 2464 351 2521 mm·
361 2498 455 2574 quae
471 2475 510 2547 in
527 2497 589 2548 ore
606 2485 702 2559 sunt,
721 2497 795 2546 non
811 2473 937 2572 lingua
948 2473 1186 2548 tantummodi

358 2589 599 2663 terminantur
613 2617 625 2677 3
652 2586 716 2659 sed
733 2589 854 2675 etiam,
875 2599 1054 2686 quatenus
1071 2585 1185 2662 oculis

358 2702 476 2801 posita
493 2713 589 2775 sunt.
642 2699 689 2772 In
705 2699 834 2775 dextra
854 2703 1068 2798 sinistraque
1091 2701 1184 2774 circa

357 2838 426 2889 nae
442 2813 610 2912 grandes,
630 2839 723 2911 quae
749 2813 931 2908 σφαγίτιδες
956 2816 1183 2887 nominantur

357 2930 518 3011 arteriae,
540 2951 628 3022 quas
646 2926 824 3024 καρωτῶας
841 2943 983 3014 vocant,
1011 2952 1150 3000 sursum
1168 2950 1182 3026 1

358 3036 453 3110 ultra
470 3062 575 3132 aures
593 3037 772 3111 feruntur.
825 3043 880 3114 At
908 3045 946 3114 in
978 3043 1061 3140 ipsis
1090 3041 1182 3114 cervi

358 3147 466 3222 dulae
492 3149 630 3245 positae
646 3163 741 3235 sunt,
775 3176 867 3246 quae
897 3155 1080 3227 interdurn
1112 3178 1181 3227 cun

360 3273 579 3357 tumescunt
633 3261 778 3335 Deinde
791 3262 864 3335 duo
878 3265 1007 3339 itinera
1017 3268 1180 3366 incipiun

360 3399 523 3474 asperam
548 3375 716 3446 arteriam
744 3377 958 3468 nominant;
987 3379 1179 3466 alterum,r

363 3489 511 3562 Arteria
527 3487 684 3560 exterior
702 3487 747 3559 ad
766 3486 978 3586 pulmonem
993 3519 1002 3579 ;
1031 3491 1179 3566 stomacl

363 3601 409 3673 ad
427 3599 668 3675 ventriculum
687 3599 826 3674 fertur:
856 3601 916 3675 ilia
933 3607 1110 3701 spiritum,
1138 3605 1175 3677 hi

363 3714 461 3809 cipit
515 3713 759 3800 Quibuscum
779 3714 941 3789 diversae
960 3719 1037 3790 viae
1057 3721 1138 3804 sint,
1154 3743 1177 3816 q

361 3827 495 3920 exigua
512 3827 549 3897 in
562 3827 691 3898 arteria
703 3828 769 3900 sub
783 3829 868 3923 ipsis
881 3827 1047 3903 faucibus
1058 3832 1177 3929 lingua

360 3961 445 4009 cum
464 3938 651 4034 spiramus
672 3938 875 4031 attollitur3
909 3967 992 4015 cum
1011 3944 1133 4016 cibum
1151 3969 1176 4043 p

360 4051 585 4137 assumimus,
604 4054 770 4124 arteriam
801 4053 948 4128 claudit.
1004 4056 1087 4154 lpsa
1116 4070 1176 4130 aut

361 4160 452 4233 dura
468 4172 506 4234 et
532 4163 796 4262 cartilaginosa,
829 4168 865 4237 in
893 4181 1043 4264 gutture
1073 4195 1176 4263 assur,

280 4345 281 4348 ,
361 4275 521 4373 partibus
554 4276 688 4350 residit.
750 4278 903 4352 Constat
932 4306 977 4354 ex
1010 4282 1154 4355 circulis

361 4386 568 4484 compositis
586 4387 633 4460 ad
658 4391 851 4487 imaginem
879 4417 1002 4467 earum
1030 4396 1175 4470 vertebr
