2858 5296
298 358 350 424 40
679 372 714 420 r.
733 369 846 421 cons.
866 371 971 422 cnnsr

264 636 266 641 ,
299 560 504 624 sumuntur.
556 544 666 647 Pejor
676 546 753 623 cita
767 547 871 622 alvus
886 555 943 622 est
958 571 971 619 r
997 543 1063 620 sed
1087 568 1135 622 ne

297 660 385 738 dem
401 673 540 737 terrere
555 661 723 761 protinus
739 656 861 748 debet,
877 659 911 734 si
926 659 1114 733 matutinis
1130 669 1161 735 ts

297 787 427 851 coacta
444 775 560 874 nugis
571 785 637 861 est,
650 784 716 848 aut
727 775 757 847 si
769 770 993 871 procedente
1007 784 1161 872 tempor<

295 889 537 976 contrabitur,
554 900 594 964 et
609 885 690 960 rufa
705 898 773 974 est,
793 909 913 985 neque
930 884 1105 962 foeditate
1122 886 1162 960 oc*

297 1002 371 1078 lem
403 1003 527 1078 alvum
560 1003 638 1076 sani
670 1000 828 1074 hominis
856 998 1014 1075 excedit.
1068 999 1162 1074 Aci

297 1140 446 1217 qnoque
462 1114 604 1214 aliquos
620 1114 688 1189 sub
702 1112 774 1187 fine
792 1115 910 1187 morbi
925 1112 1162 1202 descendisse,

298 1243 369 1306 cet.
421 1229 460 1304 Si
488 1228 627 1303 inflatio
656 1229 694 1302 in
723 1227 967 1326 superioribus
998 1228 1160 1327 partibus

297 1354 553 1440 tumoremque
570 1339 671 1429 fecit
697 1341 836 1415 bonum
854 1341 1000 1438 signum
1018 1352 1074 1415 est
1090 1363 1162 1415 som

295 1455 384 1530 inde
400 1454 449 1529 ad
465 1453 652 1528 inferiores
670 1467 789 1553 partes
807 1452 1001 1547 evolutus;
1028 1455 1163 1555 magisq

297 1569 328 1642 si
343 1569 423 1642 sine
441 1565 655 1642 difficultate
673 1593 758 1642 cum
776 1581 935 1643 stercore
953 1569 1117 1643 excessit

134 1691 255 1746 lm·
345 1680 417 1756 IV.
444 1679 593 1770 Contra,
612 1683 732 1781 gravis
749 1681 867 1755 morbi
877 1682 1080 1780 periculum
1097 1692 1163 1768 est,

294 1818 365 1868 nus
381 1819 491 1892 aeger
500 1793 614 1893 jacet,
631 1795 807 1894 porrectis
824 1796 990 1868 manibus
1007 1806 1046 1870 et
1062 1795 1164 1870 crurii

288 1907 467 1983 residere⁸
482 1906 563 1982 vuit
577 1909 616 1982 in
628 1910 709 2007 ipso
721 1910 821 1982 acuti
838 1908 954 1981 morbi
967 1909 1119 2008 impetu,
1138 1933 1163 2007 p

293 2045 367 2120 que
386 2020 621 2120 pulmonibus
638 2018 884 2095 laborantibus
900 2051 911 2112 ς
944 2021 1007 2094 ubi
1033 2041 1165 2096 noctur

292 2135 481 2234 premitur,
501 2135 643 2207 etiamsi
660 2132 819 2208 interdiu
837 2158 985 2207 somnus
1011 2135 1153 2210 accedit

293 2260 416 2321 tamen
434 2245 536 2344 pejor
552 2258 618 2333 est,
638 2248 700 2345 qui
718 2248 813 2320 inter
824 2261 988 2344 quartam
1003 2248 1128 2321 horam
1146 2273 1166 2323 e

292 2372 359 2448 est,
379 2383 488 2458 quam
506 2362 569 2458 qui
585 2361 765 2434 matutino
791 2372 956 2459 tempore
972 2360 1020 2434 ad
1036 2374 1166 2460 quarta

292 2475 424 2548 simum
443 2486 565 2549 tamen
582 2485 647 2561 est,
667 2475 697 2547 si
714 2498 862 2547 somnus
880 2499 999 2572 neque
1013 2488 1138 2563 noctu,
1158 2499 1167 2548 r

290 2587 412 2662 terdiu
430 2587 594 2662 accedit:
620 2587 658 2661 id
676 2588 774 2661 enim
803 2585 880 2660 fere
910 2589 987 2661 sine
1017 2590 1167 2662 continu

290 2725 470 2775 essenon
499 2713 629 2800 potest.
681 2699 816 2799 Aeque
843 2726 930 2775 vero
958 2703 1102 2798 signum
1129 2726 1168 2775 m.

291 2818 401 2888 etiam
419 2839 547 2888 somno
566 2814 660 2889 ultre
685 2815 850 2889 debitum
878 2816 1024 2911 urgeri3
1052 2815 1169 2913 pejus(

289 2928 406 3023 magis
424 2951 462 2998 se
485 2951 592 3025 sopor
615 2928 784 3014 interdiu,
801 2940 987 3026 noctuque
1000 2931 1169 3002 continua

289 3040 399 3112 etiam
417 3038 534 3111 morbi
552 3042 799 3113 testimonium
818 3054 883 3125 est,
912 3041 1146 3115 vehementer
1161 3067 1170 3114 t

288 3151 424 3249 spirare
439 3179 450 3240 3
478 3162 621 3224 asexto
639 3150 697 3223 die
715 3153 877 3247 coepisse
895 3153 1164 3246 inhorrescere3

288 3287 444 3363 spuere3
472 3263 533 3336 vix
551 3287 761 3350 exscreare;
780 3264 940 3338 dolorem
957 3266 1089 3342 habere
1102 3292 1171 3341 con

289 3375 483 3451 difficulter
498 3372 594 3450 ferre
610 3377 778 3449 morbum
794 3407 805 3469 3
825 3376 966 3475 jactare
983 3381 1131 3455 brachis
1148 3407 1172 3454 e

285 3491 364 3567 sine
379 3488 568 3566 voluntate
584 3488 773 3564 lacrimare
788 3520 799 3582 ;
826 3491 960 3564 habere
978 3493 1167 3567 humorem

283 3627 368 3678 sum
385 3603 557 3679 dentibus
573 3603 834 3691 inhaerentem,
854 3617 978 3678 cutem
1005 3608 1102 3680 circa
1129 3631 1174 3680 un

283 3729 324 3791 et
340 3719 479 3816 pubem
495 3742 666 3805 macram,
685 3716 897 3816 praecordia
914 3718 1146 3807 inflammata,
1165 3747 1175 3793 r

283 3827 386 3916 dura,
414 3831 566 3918 tumida,
601 3832 752 3918 intenta,
788 3834 986 3930 magisque,
1023 3837 1051 3906 si
1085 3834 1175 3909 haec

281 3957 397 4042 parte,
417 3969 525 4041 quam
543 3946 696 4032 sinistra,
716 3963 827 4036 sunt;
856 3948 1177 4044 periculosissimus

280 4073 348 4145 est,
383 4057 414 4129 si
447 4081 561 4130 venae
601 4083 748 4157 qnoque
787 4061 837 4133 ibi
871 4059 1108 4135 vehementer
1142 4086 1178 4160 ag

282 4169 377 4246 Mali
392 4170 504 4244 etiam
519 4172 637 4245 morbi
654 4173 799 4271 signum
827 4186 892 4258 est,
916 4175 1022 4248 nimis
1051 4172 1179 4250 celerit

314 4363 328 4392 ⁸
341 4340 464 4419 'Scilicet
475 4358 579 4408 erectus
591 4353 691 4410 sedere.
728 4355 773 4410 Ex
791 4355 976 4411 Hrrrocasrrs
996 4357 1075 4412 Cone.
1114 4357 1180 4413 Prae

278 4455 305 4511 p.
316 4443 377 4494 orl.
