2858 5296
730 203 736 214 Ι

138 253 341 280 ι-ν.,,,,-.,

577 401 585 417 0

338 678 560 731 maurensis
577 678 653 729 cns.
675 682 725 729 ιν.
1003 670 1076 747 -173

89 857 132 932 el
149 855 336 956 thymum,
358 852 423 929 vel
448 854 661 955 hyssopum,
690 856 752 929 vel
769 858 951 931 satureia:
975 859 1071 935 haec

89 999 97 1044 ι
125 969 220 1045 inde
245 967 541 1045 commodissime
567 968 742 1043 videntur
767 968 961 1045 humorem
978 972 1068 1047 edu·

89 1139 101 1157 .
155 1081 278 1157 lienis
300 1105 453 1181 quoque
477 1080 639 1156 bubulus
665 1080 809 1157 utiliter
833 1084 914 1157 esui
931 1082 1064 1172 datur:

89 1198 271 1296 cipueque
281 1219 398 1271 emca
408 1207 449 1270 ct
460 1197 681 1271 nasturtium
695 1196 831 1270 lienem
848 1208 1065 1273 extenuant.

89 1308 237 1385 torrenda
257 1334 411 1409 quoque
437 1312 667 1384 extrinsecus
692 1323 790 1396 sunt,
817 1335 914 1408 quae
931 1309 1066 1386 levent.

102 1450 146 1499 ex
175 1436 372 1522 unguento
401 1436 443 1498 et
476 1422 657 1523 palmulis,
701 1424 804 1522 quod
846 1421 1067 1523 pascuum·

89 1538 136 1612 eci
161 1549 324 1611 vocant:
351 1535 394 1610 fit
411 1561 458 1610 ex
475 1536 542 1609 lini
559 1548 598 1612 et
614 1539 782 1612 nasturtii
808 1539 961 1622 semine,
990 1561 1067 1636 quo

89 1675 124 1723 m
139 1664 177 1725 et
192 1648 324 1725 oleum
349 1648 546 1748 adjicitur:
572 1648 613 1724 fit
630 1674 677 1723 ex
696 1674 870 1750 cupresso
888 1650 1009 1737 viridi,
1027 1661 1066 1724 et

89 1791 96 1837 ι
118 1763 219 1839 lieu:
252 1762 297 1837 fit
314 1786 362 1835 ex
388 1764 516 1860 sinapi,
544 1765 605 1836 cui
622 1767 697 1837 sevi
724 1763 856 1838 hircini
873 1789 897 1837 a
912 1764 1063 1838 renibus

89 1892 125 1953 ts
138 1900 226 1977 pars
242 1873 423 1975 ponderis
437 1875 621 1974 adjicitur,
641 1877 843 1975 teriturque
859 1879 897 1949 in
915 1875 1003 1963 sole,
1023 1892 1063 1951 et

89 1993 164 2065 inus
178 1990 418 2089 imponitur..
451 1986 658 2086 Multisque
676 1989 797 2062 modis
810 1989 897 2063 huic
910 1992 963 2064 rei
976 2014 1063 2089 cap·

104 2116 230 2202 aptum
245 2113 330 2177 est:
360 2124 444 2174 narn
462 2113 501 2175 et
515 2102 637 2199 ipsum
663 2125 751 2174 curn
767 2102 852 2174 cibo
869 2126 1063 2186 assumere,

89 2216 214 2289 tudam
236 2216 316 2314 ejus
334 2238 422 2288 cum
445 2227 551 2288 aceto
568 2214 717 2288 sorbere
742 2213 979 2286 commodum
997 2228 1062 2288 est

89 2352 113 2401 u
125 2328 235 2404 etiam
249 2329 481 2402 extrinsecus
497 2327 660 2401 radicem
678 2328 886 2413 contritam,
910 2327 966 2400 vel
985 2351 1064 2400 cor·

89 2466 115 2515 rr
131 2440 210 2543 ejus
233 2465 323 2517 cum
340 2438 556 2527 furfuribus,
584 2453 647 2515 aut
664 2441 785 2539 ipsum
803 2442 950 2539 cappari
975 2464 1061 2514 curn

89 2580 109 2633 e
139 2557 348 2633 contritum
381 2556 570 2654 imponere
607 2555 768 2655 expedit.
834 2553 1063 2653 Malagmata

89 2696 147 2770 que
165 2668 258 2744 huic
276 2670 331 2742 rei
343 2681 532 2767 aptantur.

89 2838 97 2857 .
124 2783 182 2859 At
211 2806 321 2856 renes
343 2783 404 2854 ubi
428 2781 547 2855 affecti
571 2793 667 2866 sunt,
699 2782 763 2854 diu
790 2781 885 2854 male
911 2780 1171 2870 habensvaum

89 2923 108 2972 s
140 2910 214 2983 est,
251 2896 282 2968 si
316 2893 488 2992 frequens
528 2892 676 2967 biliosus
711 2895 874 2968 vomitus
906 2870 1142 2966 acceditl'm'

89 3024 160 3085 rtet
178 3009 469 3105 conquiescere:
496 3008 631 3081 cubare
648 3006 830 3079 molliter:
856 3004 998 3078 solvere
1015 3004 1063 3077 al·

99 3149 113 3209 ς
136 3122 293 3197 sialiter
310 3145 384 3194 uon
403 3120 609 3219 respondet,
632 3120 743 3193 etiarn
762 3117 924 3191 ducere:
954 3140 1062 3215 saepe

89 3234 170 3309 dere
185 3238 223 3308 in
242 3259 339 3333 aqua
352 3233 494 3307 calida:
514 3257 637 3330 neque
651 3232 787 3315 cibum,
808 3253 930 3327 neque
946 3232 1063 3329 potio·

89 3346 277 3447 ringidam
296 3371 500 3421 assumere:
530 3347 713 3420 abstinere
740 3346 785 3418 ab
803 3345 972 3419 omnibus
996 3346 1063 3419 sal·

89 3464 246 3549 acribus,
274 3461 398 3547 acidis,
418 3462 557 3558 pomis:
586 3460 710 3532 bibere
727 3457 946 3533 liberaliter:
973 3459 1062 3560 adji-

103 3575 217 3650 modo
234 3575 331 3661 cibo,
359 3575 469 3650 modo
486 3575 625 3672 potioni
644 3575 758 3671 piper,
787 3598 946 3671 porrum,
964 3574 1062 3649 feru·

89 3688 234 3763 ialbmn
253 3713 421 3787 papaver,
444 3712 536 3785 quae
554 3688 713 3759 maxime
730 3687 816 3758 inde
828 3689 969 3759 urinam
986 3712 1063 3760 mo·

89 3814 353 3877 :consuerunt
408 3799 560 3874 Auxilio
588 3824 735 3897 quoque
762 3799 817 3872 his
843 3799 1063 3874 exulceratis

89 3930 106 4001 l,
123 3917 153 3989 si
171 3915 296 3988 adhue
317 3915 441 3989 ulcera
458 3914 647 4011 purganda
664 3926 760 3996 sunt,
786 3914 993 3986 cucumeris
1010 3936 1064 3985 se·

89 4026 297 4103 adetraetis
322 4028 520 4102 corticibus
537 4028 738 4124 sexaginta,
766 4024 890 4098 nuclei
908 4048 955 4096 ex
973 4025 1063 4123 pinu

89 4143 161 4215 :stri
187 4140 396 4225 duodecim,
429 4141 518 4213 anisi
545 4138 645 4236 quod
675 4138 791 4213 tribus
817 4136 940 4233 digitis
970 4140 1063 4210 sumi

89 4254 134 4341 sit,
156 4255 258 4327 croci
276 4254 437 4351 paulurn,
455 4255 613 4326 contrita
629 4265 667 4325 et
685 4253 720 4323 in
740 4250 830 4323 duas
848 4250 954 4323 mulsi
973 4253 1064 4350 poti·

89 4389 102 4438 s
130 4365 257 4440 divisa.
310 4367 347 4438 Si
373 4390 459 4440 vero
489 4365 593 4439 dolor
618 4378 760 4438 tantum
790 4363 966 4437 levandus
996 4379 1062 4451 est,

89 4478 176 4553 ulem
209 4481 415 4552 cucumeris
446 4481 583 4552 semina
612 4479 771 4575 triginta,
804 4477 914 4550 iidem
944 4475 1063 4548 nuclei

89 4592 156 4678 inti,
186 4617 301 4665 nuces
335 4592 501 4666 Graecae
533 4594 708 4690 quinque,
736 4592 835 4663 croci
864 4588 1066 4687 paululum,

91 4707 170 4779 trita
188 4718 323 4780 etcum
344 4705 438 4780 lacte
452 4708 555 4805 potui
573 4705 667 4778 (laur.
722 4704 781 4777 Ac
797 4726 906 4800 snper
921 4724 1068 4797 <proque
