2858 5296
415 729 581 781 merom
601 730 791 781 saturnu.
1085 726 1124 793 jx

114 907 328 991 Juniorum
347 909 497 1017 gratia,
511 907 807 991 annotationes
821 913 1024 1020 quasdam
1039 921 1118 1001 cri-

71 1047 160 1129 ticas
172 1044 265 1130 locis
284 1046 501 1130 hactenus
520 1046 826 1158 inexplicandis
851 1053 1113 1163 subjecimus.

74 1182 274 1268 Nmullis
294 1211 352 1269 ex
374 1185 453 1284 his,
468 1214 567 1269 vera
576 1185 713 1285 lectio,
728 1185 878 1297 procul
894 1190 1033 1290 dubio,
1049 1224 1113 1276 re-

70 1337 160 1434 peta
172 1337 257 1407 est:
275 1324 374 1407 aliis
390 1338 533 1406 tamen
549 1324 689 1406 adhuc
702 1325 848 1407 eadem
862 1331 1111 1438 conjecturis

64 1477 180 1561 restat,
209 1465 268 1546 de
296 1463 504 1573 singulari
536 1492 716 1574 quarum
735 1463 949 1563 felicitate,
972 1468 1110 1551 sanius

60 1631 169 1712 quam
188 1616 355 1700 auctor,
377 1603 544 1713 judicet
571 1601 702 1684 lector
727 1604 828 1712 ipse.
889 1603 1112 1690 Lectiones

57 1741 157 1824 MSS
176 1771 200 1824 e
219 1741 569 1823 Lccnrsrsnnm
589 1743 771 1823 Taacaa
792 1742 979 1825 editione
999 1745 1048 1827 A.
1056 1746 1109 1828 D.

59 1883 165 1978 1786,
184 1880 423 1964 translatae
443 1893 572 1962 sunt:
591 1894 728 1964 cetera
747 1894 900 1963 nostra

99 2021 238 2130 ipsam
267 2047 370 2102 vero
400 2019 497 2101 libri
521 2021 769 2129 scripturam
797 2050 882 2103 non
903 2023 1104 2104 intactam

55 2161 214 2242 erasisse
231 2171 468 2241 memento.
511 2159 666 2241 Manus
686 2159 800 2241 enim
814 2162 998 2244 medicas
1013 2167 1105 2272 ejus

57 2327 441 2395 raraaroscrroru,
453 2326 1109 2399 raar1r10N1,oarnooaarn1aa‚

55 2464 218 2544 quarum
247 2438 414 2547 priores
443 2436 552 2517 duae
581 2436 781 2545 pessimae
802 2450 936 2535 erant,
957 2437 1110 2520 ultima

53 2576 143 2659 mire
163 2574 506 2686 typothecarum,
540 2573 584 2655 ni
614 2573 746 2672 fallor,
781 2576 944 2657 incuria
962 2578 1108 2658 barba-

53 2744 95 2811 ra,
113 2717 376 2823 sibimetque
396 2714 571 2809 dissona,
601 2715 820 2795 admovere
841 2713 950 2795 nihil
971 2712 1107 2796 'dubi-

53 2857 233 2936 tavimus
267 2827 278 2843 ’
296 2852 492 2962 Ipsorum
512 2852 626 2933 MSS.
652 2853 872 2935 meliorum
892 2853 1109 2960 orthogra-

56 2991 143 3100 phia
175 2992 271 3074 aevi
303 2992 558 3071 Aucusrnnr
589 2991 889 3098 antiquitatem
924 2987 1111 3080 redolet;

60 3145 182 3213 cetera
193 3131 413 3213 editorum
434 3140 543 3224 sunt,
563 3129 718 3235 quibus
730 3126 972 3206 hominibus
993 3126 1110 3236 quasi

62 3268 209 3349 axioma
220 3281 300 3365 est,
317 3265 448 3347 alium
463 3265 578 3360 alios,
593 3277 842 3374 praeeuntes
856 3266 973 3374 sequi
991 3294 1109 3376 opor-

58 3417 169 3497 tere;
194 3435 320 3516 saepe
341 3405 511 3513 quidem
535 3404 891 3498 vetustissimum
920 3405 1039 3513 quasi
1061 3405 1105 3488 in

55 3548 171 3655 cujus
181 3558 324 3626 aetate
337 3543 537 3624 sermonis
550 3543 906 3651 interstinguendi
920 3555 994 3623 aut
1006 3544 1112 3624 divi-

52 3683 176 3765 dendi
192 3713 262 3764 ars
281 3683 456 3763 vixdum
479 3693 586 3779 nata
608 3680 735 3763 nullis
751 3683 874 3763 certis
893 3683 1110 3792 principiis

53 3823 174 3904 inuiti
207 3821 365 3932 potuit.
423 3821 504 3901 Sed
537 3850 678 3901 vassa
706 3833 848 3902 textus
878 3821 1112 3920 immutare,

52 3978 121 4043 aut
142 3960 235 4043 ullo
257 3960 382 4040 modo
403 3988 426 4039 a
456 3959 613 4039 'Pansa
632 3958 878 4055 abalienare,
903 3961 1022 4040 nobis
1053 3989 1113 4042 sa-

54 4104 230 4185 cerrima
250 4100 334 4181 fuit
354 4097 513 4208 religio,

107 4241 262 4348 Neque
278 4240 397 4320 nobis
410 4251 562 4333 tamen,
582 4266 722 4347 neque
740 4265 922 4318 maenaa
939 4237 1113 4318 Nanasr

62 4382 446 4474 satisfactumessea
457 4377 537 4457 nisi
547 4405 751 4458 summam
768 4405 858 4457 eam
870 4404 950 4482 qua
960 4376 1118 4456 eminet

59 4517 366 4601 accurationem
402 4527 542 4596 textus
567 4516 699 4596 nostri
734 4514 874 4596 studio
906 4526 949 4594 et
978 4541 1120 4620 super-

61 4657 155 4738 cilio
174 4656 345 4736 literato
370 4654 597 4735 doctissimi
628 4652 811 4733 Nmranr
840 4650 1013 4745 Limus,
1043 4648 1121 4728 viri

63 4794 308 4906 scrupulosa
339 4793 521 4900 quadam
556 4820 629 4874 sua
662 4791 736 4872 sed
765 4787 932 4870 amabili
955 4812 1125 4896 prorsus
