2858 5296
353 337 425 405 110
753 356 788 405 n.
807 355 919 407 cortu.
938 354 1045 406 causi

186 545 322 596 semma
401 528 517 604 VIII.
545 528 626 605 Aut
644 531 707 605 ubi
724 529 762 604 id
778 553 895 629 genus
919 529 1094 604 tertianae
1121 551 1159 602 es

351 651 485 741 τριταῖον
502 642 635 718 medici
652 641 846 770 appellant,
865 666 997 740 magna
1014 666 1102 716 cura
1120 663 1159 739 op

186 679 212 810 I*
227 747 281 796 ¹⁴²
350 752 462 830 fallat.
490 754 618 832 Habet
634 757 731 830 euim
750 754 964 854 plerumque
991 751 1159 851 frequent

187 629 237 662 sua
204 614 321 728 meleg-

352 869 470 942 aiones
488 867 798 967 decessionesque,
817 880 859 942 ut
875 865 975 940 aliud
999 866 1116 940 morbi
1144 890 1159 963 q

352 983 490 1079 possit:
522 982 792 1080 porrigiturque
808 979 919 1054 febris
937 981 1032 1054 inter
1048 977 1154 1052 horas

354 1108 447 1181 tuor,
467 1107 505 1168 et
523 1095 671 1192 triginta
688 1118 751 1168 sex
767 1124 778 1185 ς
806 1106 859 1179 ut,
885 1094 985 1191 quod
1002 1092 1100 1166 idem
1125 1114 1160 1165 es

353 1232 431 1282 esse
448 1207 624 1282 videatur.
652 1207 701 1280 Et
713 1230 935 1305 magnopere
947 1205 1160 1279 necessarius

353 1319 432 1393 dari
449 1321 583 1406 cibum,
603 1320 671 1392 nisi
688 1320 726 1392 in
744 1344 787 1393 ca
804 1320 1023 1404 remissione,
1042 1341 1136 1415 quae
1152 1341 1161 1376 r

352 1432 415 1506 ubi
433 1456 477 1506 ea
500 1435 612 1519 veuit,
640 1434 803 1532 protinus
830 1432 930 1506 dari:
957 1429 1161 1530 plurimiqui

353 1556 437 1618 utro
464 1548 624 1620 curantis
652 1570 773 1619 errore
803 1546 924 1619 subito
958 1545 1163 1617 moriuntur

354 1681 574 1757 magnopere
591 1660 711 1758 aliqua
729 1685 785 1734 res
802 1659 983 1758 prohibet,
1007 1660 1102 1733 Inter
1131 1659 1163 1731 in

353 1772 449 1844 mitti
466 1771 602 1864 debet3
631 1786 709 1848 tum
728 1773 803 1846 dari
823 1774 939 1857 cibus,
968 1773 1031 1872 qui
1061 1796 1163 1869 nequ*

354 1882 468 1970 brem,
488 1897 663 1959 ettamen
681 1885 834 1983 longum
852 1885 930 1984 ejus
947 1886 1104 1983 spatium
1122 1909 1164 1958 su

408 1996 479 2069 IX.
505 1997 779 2095 Nonnunquam
807 1999 915 2072 ctiam
942 1999 1061 2071 lentae
1089 1995 1165 2070 febr

357 2109 566 2182 remissione
595 2134 727 2208 corpus
755 2124 909 2201 tenent,
938 2137 981 2185 ac
1011 2135 1132 2208 neque
1161 2143 1166 2176 ι

357 2218 421 2292 ulli
437 2220 600 2295 remedio
616 2221 719 2295 locus
749 2235 815 2296 est.
869 2222 913 2295 In
945 2225 1014 2296 hoc
1043 2247 1166 2296 casui

354 2357 432 2407 esse
450 2333 571 2420 debet,
588 2346 631 2409 ut
647 2335 815 2408 morbum
829 2348 971 2409 mutet:
998 2335 1149 2410 fortasse

355 2447 447 2520 tioni
463 2448 701 2546 opportunior
717 2447 790 2521 fiet.
842 2449 957 2546 Saepe
974 2451 1086 2547 igitur
1098 2472 1168 2522 exa

359 2561 420 2634 cui
437 2560 558 2635 oleum
576 2563 622 2635 sit
638 2560 833 2660 adjectum,
853 2587 984 2660 corpus
1007 2561 1085 2660 ejus
1110 2586 1169 2660 per

358 2689 424 2762 est,
443 2677 615 2774 quoniam
632 2676 815 2750 interdum
833 2677 884 2750 sic
902 2677 1033 2760 evenit,
1058 2688 1099 2751 ut
1116 2675 1170 2749 hor

355 2799 393 2860 et
409 2788 471 2862 fiat
487 2790 632 2862 initium
647 2789 830 2887 quoddam
845 2790 930 2862 novi
944 2800 1063 2861 motus
1079 2818 1089 2879 ;
1109 2813 1171 2885 ext

354 2903 470 2997 magis
489 2925 621 2998 corpus
639 2902 800 2989 incaluit,
820 2914 992 3000 sequatur
1009 2902 1116 2974 etiam
1136 2926 1172 2974 re

353 3013 409 3083 his
426 3011 547 3085 frictio
565 3038 711 3110 quoque
729 3041 775 3088 ex
795 3015 876 3087 oleo
902 3027 940 3088 et
970 3013 1042 3087 salo
1072 3013 1172 3087 saluh

354 3123 410 3196 At
427 3125 456 3195 si
474 3123 536 3196 diu
554 3123 669 3222 frigus
683 3140 747 3212 est,
776 3140 813 3199 ct
843 3140 977 3225 torpor,
1007 3141 1045 3200 et
1062 3126 1174 3225 jactat

353 3260 427 3309 non
445 3234 603 3309 alienum
621 3249 688 3323 est,
707 3240 744 3310 in
771 3239 847 3334 ipsa
874 3239 976 3313 febre
1005 3240 1089 3313 dare
1119 3264 1175 3313 mu

354 3362 510 3447 quatuor
527 3349 687 3448 cyathos,
709 3349 765 3423 vel
784 3375 867 3422 cum
883 3353 966 3424 cibo
980 3354 1105 3426 vinum
1122 3354 1176 3426 ber

355 3461 1177 3562 Imfflwmmmmmwffimwt

355 3575 454 3650 calor
470 3575 631 3650 simult
594 3589 631 3650 et
648 3578 767 3675 priora
785 3578 879 3651 mala
897 3580 1000 3664 tollit,
976 3593 1049 3654 tet
1061 3606 1178 3678 spem]

356 3690 466 3788 inque
484 3714 527 3763 ea
544 3691 738 3763 curationis
756 3707 812 3765 ost
799 3692 926 3766 tendit
978 3693 1123 3791 Neque,
1144 3694 1179 3768 hs

355 3803 495 3876 curatio
513 3826 606 3875 nova
622 3814 688 3889 est,
708 3829 779 3900 qua
796 3829 895 3877 nunc
922 3806 1069 3903 quidam
1096 3806 1180 3881 trad}

353 3937 449 4010 gros,
469 3939 532 4012 qur
523 3915 617 3987 sub
645 3918 865 3990 cautioribus
895 3919 1045 3992 medicis
1075 3919 1181 3993 trahe

353 4026 498 4101 terdum
516 4030 703 4102 contrariis
722 4030 889 4104 remediis
911 4046 1047 4105 sanant.
1101 4034 1183 4131 Siqu

354 4141 521 4237 antiquos
538 4166 684 4239 quoque
703 4156 786 4216 ante
807 4143 1051 4242 Herophilum
1071 4159 1107 4220 et
1132 4146 1184 4219 Er

354 4255 583 4351 maximeque
608 4266 690 4352 post
721 4255 985 4355 Hippocratem
1013 4258 1084 4332 fuit
1116 4259 1183 4333 Pet

355 4369 417 4466 qui
446 4365 711 4444 febricitantem
740 4369 924 4446 hominem
953 4372 1016 4445 ubi
1045 4398 1187 4472 accepei
