2858 5296
337 287 453 364 xxviii
621 312 656 361 a.
675 312 801 363 rasos
819 314 870 363 su
889 313 1106 365 sacrorum.

335 487 453 562 derari
469 509 575 584 posse
592 485 770 562 videatur.
823 487 954 586 Itaque
971 488 1077 564 valde
1094 488 1196 564 dolen

335 614 562 712 praeclarum
579 637 671 711 opus
688 614 860 712 idemque
877 613 1107 690 utilissimum
1132 627 1195 690 teu

329 739 429 840 juria
449 738 612 837 plurimis
637 741 790 828 mendis,
818 767 887 816 nec
917 766 1003 816 sane
1030 741 1184 828 levibus,

335 866 383 942 ad
399 880 560 941 nostram
577 878 733 942 aetatem
749 868 967 967 pervenisse.
1019 868 1107 943 Non
1133 866 1194 966 det

335 993 420 1068 dem
438 993 506 1066 viri
523 991 689 1067 doctrina
706 1005 816 1094 atque
834 995 1039 1069 eruditione
1065 1007 1194 1092 praesta

334 1144 378 1194 ea
394 1118 521 1193 tollere
538 1120 660 1193 conati
678 1120 773 1212 sint;
801 1119 865 1194 sed
891 1133 1013 1194 tamen
1040 1121 1140 1194 nulla
1164 1119 1194 1220 ej

334 1245 447 1320 editio
464 1244 640 1319 hactenus
657 1248 826 1344 apparuit
842 1248 927 1320 satis
951 1247 1150 1345 probanda,
1176 1269 1193 1321 r

334 1375 442 1446 niana
467 1371 616 1469 quidem
642 1372 730 1470 ipsa,
757 1373 855 1447 unde
880 1377 1096 1472 posteriores
1123 1387 1193 1449 cet<

334 1512 492 1589 vantur3
529 1497 616 1572 licet
645 1523 689 1572 ea
718 1501 880 1572 unanimi
906 1499 982 1574 fere
1013 1525 1194 1574 consensu

333 1627 472 1722 optima
481 1625 720 1700 existimetur.
772 1624 867 1698 Nam
884 1625 1074 1722 quaedam,
1095 1650 1188 1723 quae

332 1749 480 1836 bebant,
501 1748 704 1826 Lindenius
723 1752 908 1849 corrupit;
938 1750 1018 1838 alia,
1039 1765 1192 1849 corrupt

331 1889 423 1963 seut,
455 1901 503 1950 ex
533 1876 754 1975 conjectura,
788 1902 894 1978 quaec
909 1877 1125 1975 plerumque
1155 1875 1192 1951 fa

332 2017 398 2090 est,
419 2004 587 2077 restituit.
640 2002 739 2078 Illud
758 2028 844 2077 vero
863 2004 1011 2076 minime
1036 2002 1192 2077 ferendu

239 2169 243 2175 ·
331 2154 415 2204 cum
442 2130 481 2201 in
507 2128 632 2203 multis
649 2131 818 2226 antiquos
835 2129 981 2203 codices
1006 2140 1154 2203 secutus
1180 2153 1191 2202 ε

329 2254 514 2354 sigitlatim
547 2253 622 2329 no'n
650 2254 871 2348 admonuit,
915 2273 956 2330 ut
986 2256 1120 2329 dubius
1149 2255 1191 2329 ira

328 2381 488 2469 haereas,
508 2405 687 2481 quaenam
706 2382 754 2455 sit
770 2383 905 2479 cuique
921 2380 1070 2456 lectioni
1096 2379 1187 2455 fides

330 2508 389 2583 da.
442 2506 531 2581 Tria
547 2507 639 2581 haec
656 2509 746 2582 vitia
763 2508 818 2580 vir
844 2531 1008 2581 summus
1033 2507 1191 2583 Joannes

332 2632 563 2734 Morgagnus
585 2633 664 2734 jam
694 2634 836 2732 pridem
864 2633 1133 2720 animadvertit,
1165 2656 1191 2707 et

326 2762 484 2858 singulis
508 2774 703 2859 peccatum
729 2761 786 2847 sit,
814 2760 922 2834 editis
939 2759 1057 2833 VIII.
1075 2761 1113 2831 in
1132 2757 1191 2833 Ce]

332 2888 478 2960 tissimis
505 2889 676 2984 epistolis,
713 2888 918 2986 diligenter,
952 2900 995 2962 ut
1028 2887 1130 2973 solet,
1166 2913 1191 2960 a

333 3010 458 3085 multis
475 3014 633 3111 insuper,
654 3039 748 3111 quae
765 3039 834 3088 nec
861 3013 1074 3101 Lindenius,
1095 3037 1191 3087 neca

334 3163 444 3238 quam
462 3143 642 3237 attigerat,
670 3138 882 3214 emendatis.
935 3139 999 3213 Ad
1017 3140 1108 3214 haec
1126 3120 1190 3238 plu

331 3267 396 3351 vit,
414 3289 508 3363 quae
526 3262 717 3338 manifesto
735 3264 930 3363 depravata
946 3280 1042 3353 sunt,
1071 3291 1140 3340 nec
1166 3278 1191 3340 tr

333 3393 423 3491 spici
439 3405 571 3490 potest,
589 3417 663 3490 quo
679 3405 789 3490 pacto
813 3392 944 3490 corrigi
970 3403 1118 3490 queant.
1173 3391 1191 3465 I

332 3519 384 3592 ita
411 3519 493 3604 sint,
527 3529 567 3592 ut
593 3517 722 3592 Celsus
752 3519 923 3616 pristinae
956 3518 1168 3615 integritati,

332 3643 409 3717 fieri
427 3655 557 3742 potest,
583 3645 804 3731 restituatur,
830 3641 928 3717 unde
954 3643 1181 3742 potissimum

332 3770 533 3868 petendum
562 3778 649 3843 est?
698 3769 884 3842 Nimirum
909 3769 1140 3867 abantiquis
1169 3794 1190 3843 c

336 3896 398 3993 qui
417 3896 445 3968 si
464 3894 647 3969 emendati
666 3896 747 3982 sint,
766 3920 888 3968 veram
906 3896 1120 3993 scripturam
1135 3894 1192 3966 ex!

334 4021 510 4108 mendosi,
543 4021 680 4095 homini
711 4022 831 4119 sagaci
861 4020 1045 4095 interdum
1071 4019 1193 4093 iudica

333 4172 403 4246 ego
421 4149 652 4246 persuasione
671 4147 816 4235 ductus,
830 4173 913 4222 cum
932 4147 1178 4246 superioribus

333 4299 400 4374 per
430 4274 572 4348 Italiam
600 4275 845 4362 instituissem,
877 4274 1032 4348 Codices
1064 4272 1173 4346 MSS.

335 4402 398 4502 qui
427 4402 464 4473 in
490 4400 670 4476 Vaticana
692 4427 735 4476 ac
760 4400 933 4551 Medic3ea
960 4399 1187 4476 Bibliotheca
