2858 5296
317 351 365 416 24
704 366 739 413 s.
760 363 870 415 coss.
891 363 994 413 esum

315 541 441 617 dolore
470 553 509 615 et
533 541 711 639 gravitate
740 537 1036 638 praecordiorum
1064 547 1163 623 sunt,

316 655 482 753 protinus
498 650 788 751 confugiendum
813 664 880 727 est
932 649 1037 725 Idem
1062 647 1171 749 prode

318 779 448 866 pectus
465 778 617 855 aestuat,
635 777 674 840 et
696 762 870 863 frequens
894 763 1016 850 mlius,
1043 761 1101 837 vel
1126 786 1171 836 ns

319 892 385 953 sut
400 891 531 954 sonant
547 902 663 966 aures,
686 891 752 952 aut
766 877 918 952 madent
932 875 1040 964 oculi,
1057 887 1122 950 aut
1142 898 1171 948 or

320 1005 401 1067 est:
428 991 664 1092 similiterque
679 991 725 1078 ei,
747 992 811 1088 qni
827 986 886 1064 vel
904 988 1060 1076 coelum,
1079 986 1137 1063 vel
1152 985 1171 1060 l«

321 1117 398 1197 tat;
434 1106 561 1203 iisque,
597 1104 742 1203 quibus,
774 1104 805 1176 si
837 1127 904 1201 per
937 1102 1059 1202 plures
1092 1100 1170 1176 dies

319 1231 503 1304 muerunt,
521 1215 626 1293 dolor
641 1215 853 1317 praecordia
874 1213 1034 1290 infestat
1085 1212 1171 1314 Neq

319 1333 416 1406 inter
432 1330 522 1405 haec
538 1330 699 1429 praecipi
716 1331 899 1428 quietemr
925 1352 1019 1427 quse
1036 1351 1110 1400 non
1127 1351 1171 1401 sei

320 1447 462 1542 tingere
479 1455 599 1543 potest
615 1441 749 1541 agendi
765 1442 1017 1517 necessitatem
1035 1440 1171 1514 habent

320 1558 359 1630 in
377 1556 544 1630 omnibus
560 1556 658 1630 idern
670 1553 770 1631 facit.
823 1554 955 1654 Itaque
968 1552 1070 1629 istud
1086 1552 1171 1627 luxu

320 1669 399 1743 {ieri
424 1691 500 1743 non
525 1681 695 1768 oportere
717 1667 919 1760 confiteor5
946 1666 1129 1742 interdum
1154 1691 1171 1740 s

323 1806 433 1856 causa
458 1793 557 1858 recte
582 1781 670 1869 fieri,
697 1781 955 1880 experimentis
979 1778 1114 1855 credo:
1140 1803 1172 1853 ct

323 1920 422 1981 men,
449 1920 496 1969 ne
523 1897 615 1994 quis,
644 1897 709 1992 qui
735 1894 854 1970 valere
882 1907 920 1968 et
948 1917 1136 1967 senescere
1164 1917 1172 1951 ¹

320 2007 577 2106 quotidianum
595 2006 738 2082 habeat
790 2005 866 2093 Qui
879 2030 1025 2080 vomere
1034 2017 1118 2106 post
1127 2003 1172 2080 cii

319 2123 352 2194 si
368 2146 417 2194 ex
433 2118 532 2194 facili
547 2119 647 2206 facit,
664 2143 797 2217 aquam
813 2130 955 2195 tuntum
974 2117 1135 2219 tepidam
1149 2143 1172 2193 a

320 2257 530 2326 assumere;
556 2235 587 2307 si
604 2231 794 2319 difficilius,
819 2257 935 2333 aquae
958 2232 1018 2307 vel
1045 2231 1138 2321 salis,
1166 2256 1173 2303 ¹.

320 2345 471 2445 paulum
495 2345 665 2447 adjicere.
716 2345 772 2421 At
788 2348 852 2445 qui
870 2371 976 2421 mane
993 2347 1173 2422 vomitum

322 2459 447 2533 bibere
472 2459 642 2549 mulsum,
667 2457 727 2534 vel
752 2459 960 2560 hyssopum,
986 2473 1052 2535 aut
1071 2485 1149 2535 esse
1172 2524 1174 2533 ,

322 2571 457 2663 debet;
485 2571 619 2647 deinde
640 2596 771 2670 aquam
797 2572 969 2672 tepidam,
998 2585 1173 2673 utsupra

321 2697 388 2770 cst,
419 2684 554 2762 bibere.
617 2685 761 2774 Cetera,
788 2712 882 2786 quae
906 2688 1045 2785 antiqui
1070 2687 1174 2761 medi<

325 2808 470 2894 perurit,
482 2797 710 2873 stomachum
721 2801 844 2875 omnis
854 2798 1038 2877 infestant.
1082 2799 1170 2874 Post

323 2911 357 2979 si
373 2909 581 2983 stomachus
604 2911 767 2986 infirmus
796 2926 861 3000 est,
888 2912 1038 3012 paulum
1063 2914 1146 2999 cibi,
1174 2947 1175 2982 r

326 3020 461 3107 idonei,
480 3021 714 3117 gustandum,
733 3036 772 3100 et
787 3050 904 3122 aquae
918 3025 1074 3124 frigidae
1090 3038 1177 3125 cyat

322 3130 440 3205 bendi
451 3143 563 3222 sunt;
588 3133 658 3206 nisi
673 3145 797 3208 tamen
813 3139 970 3212 uomitus
987 3138 1111 3213 fauces
1133 3162 1176 3212 ex

322 3244 401 3330 Qui
418 3244 570 3330 vomuit,
589 3245 619 3317 si
636 3268 742 3319 mane
758 3245 797 3320 id
813 3244 912 3335 fecit,
937 3251 1122 3325 ambulare
1143 3250 1176 3324 dt

322 3358 425 3455 ungi,
460 3354 594 3431 deinde
627 3382 803 3435 coenare:
848 3363 878 3435 si
911 3375 994 3462 post
1026 3388 1177 3438 coenam

322 3470 383 3544 die
417 3468 539 3556 lavari,
569 3482 608 3545 et
633 3472 672 3546 in
696 3465 827 3548 balneo
853 3475 995 3550 sudare.
1048 3477 1150 3552 Huic

322 3584 426 3656 cibus
451 3580 643 3658 mediocris
665 3586 787 3660 utilior
807 3600 887 3682 est,
914 3591 1017 3689 isque
1038 3615 1115 3666 esse
1146 3590 1178 3664 d«

321 3721 416 3794 pane
434 3694 614 3785 hesterno,
626 3699 720 3772 vino
736 3714 880 3776 austero
904 3727 1060 3791 meraco,
1085 3716 1123 3778 et
1145 3729 1179 3778 cs

320 3810 485 3906 cibisque
513 3810 681 3886 omnibus
710 3835 819 3911 quam
848 3815 1061 3890 siccissimis.
1115 3816 1180 3905 Qu

319 3922 375 3994 bis
404 3922 442 3993 in
465 3945 590 3996 mense
614 3923 703 4013 vult,
728 3925 858 4000 melius
881 3926 1057 4014 consulet,
1085 3929 1115 4001 si
1142 3928 1181 4002 bi

319 4033 478 4122 tinuerit,
506 4058 615 4131 quam
642 4037 672 4109 si
697 4049 780 4136 post
802 4039 1155 4136 quintumdecimum

318 4146 476 4236 mnerit;
503 4148 572 4219 nisi
596 4147 687 4222 haec
710 4173 811 4223 mors
834 4155 1049 4250 gravitatem
1078 4166 1182 4253 pecto

157 4288 206 4346 nt
186 4289 282 4352 qamt
318 4260 506 4360 Dejectio
511 4271 633 4334 autem
657 4261 923 4339 medicamento
949 4291 1094 4364 quoque
1116 4279 1183 4364 pet

318 4377 380 4449 ubi
398 4383 524 4448 venter
538 4396 751 4500 suppressus
768 4400 895 4474 parum
913 4379 1044 4466 reddit,
1063 4404 1111 4452 ex
1129 4406 1184 4454 eoi

317 4491 443 4575 tiones,
471 4485 575 4560 cal*
582 4510 656 4576 es,
682 4489 810 4587 capitis
831 4489 983 4578 dolores,
1008 4493 1185 4590 aliaquer
