2858 5296
306 702 689 771 neronianum.
965 704 1042 789 157

85 890 236 983 um
255 890 423 995 uroque
436 890 477 967 nr
492 848 639 993 nngm
653 904 801 993 tempus
817 892 1038 975 menam

85 1116 479 1197 l.1.-lltbtrcautem
505 1116 627 1195 morbi
650 1140 771 1217 genus
796 1117 896 1195 cuca
922 1132 1171 1220 totamm..

85 1232 170 1311 loun
179 1260 196 1327 3
216 1232 276 1309 ἡ
293 1228 468 1320 alterum,
493 1256 612 1333 aeque
640 1228 858 1333 pestiferum
874 1246 1042 1311 acutum

94 1346 137 1423 ia
155 1342 328 1423 manua
352 1368 438 1421 eme
461 1344 662 1421 consuevit
711 1342 840 1419 Nostri
870 1348 1043 1447 anginam

85 1470 144 1537 ntr
157 1456 268 1561 qoud
294 1456 465 1535 Graecos
493 1480 641 1546 nomen,
666 1467 777 1557 prout
805 1460 947 1559 species
973 1472 1042 1537 est.

85 1572 172 1649 dum
199 1572 307 1649 euim
334 1594 458 1681 neque
485 1571 609 1658 rubor,
638 1594 760 1671 neque
789 1582 915 1647 tumor
943 1572 1041 1651 ullua

85 1698 150 1781 ας
167 1684 239 1763 aad
251 1708 392 1785 corpus
403 1682 546 1759 aridum
558 1696 626 1771 eat,
639 1682 702 1759 vix
714 1684 862 1785 spiritus
873 1684 1041 1777 trabitur,

85 1824 138 1877 na
151 1796 382 1875 anlmmuu:
407 1796 448 1871 id
470 1798 632 1893 συνάγω
647 1808 792 1873 vocant.
843 1796 1039 1875 Interdum

85 1910 427 2013 atrumquecum
438 1910 573 1989 rubore
582 1910 936 2009 intumescuntrox
948 1912 1040 1988 nibil

85 2022 177 2115 lut.
199 2022 306 2101 oculi
321 2032 527 2111 vomuntur,
557 2021 670 2097 facies
696 2018 820 2121 pallet,
845 2024 1042 2123 singultus·

85 2148 156 2213 rata
177 2134 387 2237 idaim
400 2150 566 2211 vocatur.
618 2132 689 2208 Illa
703 2136 1040 2213 communierunt:

85 2270 195 2323 cnon
209 2246 334 2325 eibum
362 2246 550 2337 devorare,
578 2270 656 2321 non
682 2246 870 2347 potionem
894 2260 1195 2348 poteatfflnpra

85 2364 235 2461 nrejm
255 2358 526 2439 intercluditur.
577 2358 717 2435 levius
740 2370 808 2449 eat,
829 2360 895 2437 ubi
920 2348 1190 2465 tumorfflf*

85 2472 245 2551 rmmodo
257 2486 300 2553 et
314 2473 427 2549 mbor
443 2485 510 2561 eat,
528 2486 651 2549 cetera
663 2486 975 2574 nonaequuntur:
1002 2475 1041 2552 id
1048 2482 1133 2533 ³³¹¹·

85 2585 455 2689 &mappellant
506 2584 699 2687 Quidquid
715 2601 781 2676 eat,
799 2589 934 2666 sivires
949 2590 1042 2689 pati·

85 2726 111 2791 r,
149 2702 302 2801 sanguis
336 2699 536 2775 mittendus
570 2714 649 2791 est3
689 2700 721 2774 si
756 2724 831 2774 non
864 2701 1039 2789 abundat,

85 2812 190 2889 ndum
205 2825 276 2903 est,
294 2810 432 2889 ducere
448 2811 581 2886 alvum.
634 2811 877 2887 Cucurbitula
893 2838 1041 2913 quoque

85 2926 176 3003 sub
191 2937 331 3014 mento,
356 2937 396 3000 et
410 2925 510 3000 circa
524 2922 649 2999 fauces
674 2923 901 3012 admovetur,
932 2936 976 2998 ut
991 2922 1041 3012 id,

85 3038 322 3141 lauaugulat,
340 3048 481 3126 evocet
530 3035 639 3137 Opus
656 3048 713 3110 est
723 3034 857 3109 demde
874 3034 1046 3111 fomentis

85 3154 180 3231 lilia·
204 3180 293 3231 uam
310 3157 408 3231 sicca
423 3154 589 3277 spiritum
605 3150 757 3225 elidunt
810 3149 911 3250 Ergo
922 3150 1047 3228 admo·

85 3269 266 3397 rpmgias
283 3272 453 3369 oportet,
481 3290 576 3364 quae
593 3260 751 3336 melius
740 3286 779 3335 m
797 3261 956 3339 calidum
972 3265 1047 3342 ole-

93 3382 254 3479 qimaiu
271 3378 427 3466 calidam
445 3402 578 3478 aquam
604 3372 759 3450 subinde
776 3375 1044 3454 demittuntur:

85 3494 336 3593 fluimusque
352 3504 409 3568 eat
432 3490 493 3567 hic
518 3512 677 3591 quoque,
703 3486 786 3563 salis
810 3488 948 3566 calidus
964 3516 1046 3569 suc·

123 3604 226 3682 Turn
243 3602 478 3682 commodum
490 3616 555 3691 est,
567 3603 781 3703 hyssopum,
788 3601 848 3676 vel
863 3616 1045 3703 nepetam,

85 3714 253 3821 bymuun
271 3716 331 3794 vel
347 3715 579 3803 absinthium,
599 3713 657 3789 vel
673 3715 783 3790 etiam
794 3713 964 3806 surlirres,
982 3729 1048 3792 aut

85 3831 242 3920 luridas,
252 3854 340 3907 cum
357 3827 474 3904 mulsa
489 3852 584 3928 aqua
600 3825 816 3926 decoquere,
836 3852 952 3927 eaque
968 3853 1049 3926 gar-

85 3964 181 4019 aare:
208 3956 294 4045 post
304 3942 397 4017 baec
406 3940 568 4042 palatum
579 3963 718 4039 ungere
728 3940 786 4014 vel
796 3937 882 4014 felle
895 3940 1050 4028 taurino,

85 4078 124 4129 eo
143 4056 423 4141 medicamento,
450 4051 551 4152 quod
579 4076 628 4126 ex
653 4053 764 4127 moris
793 4064 860 4126 est
912 4050 1052 4129 Polline

85 4188 116 4243 m
127 4171 260 4271 piperis
275 4169 317 4244 id
341 4178 441 4243 recte
463 4166 696 4266 respergitur.
747 4164 787 4240 Si
802 4188 869 4264 per
885 4164 975 4241 haec
992 4180 1082 4265 pa-

85 4282 300 4383 {proficitua
320 4280 491 4356 ultimum
506 4291 573 4367 est,
593 4276 755 4352 incidere
778 4279 865 4352 satis
880 4277 962 4353 altis
977 4278 1104 4411 ¹²¹⁸'a
1059 4297 1126 4344 sm„
1119 4295 1174 4344 ‘cufi
1158 4311 1185 4342 ο·

85 4396 172 4470 urb
162 4398 251 4497 ipsis
268 4394 425 4469 maxillis
441 4416 551 4492 supra
567 4388 713 4479 collum,
740 4391 832 4465 etin
849 4372 1080 4491 palato'tl
987 4379 1097 4465 err-⁰

85 4531 184 4597 nam,
203 4506 264 4584 vel
281 4532 342 4582 eas
367 4530 489 4593 venas,
516 4528 611 4604 quae
638 4503 706 4578 sub
733 4501 859 4601 lingua
876 4515 986 4594 sunt;
1014 4515 1057 4578 ut

99 4644 143 4695 ea
168 4619 323 4696 vulnera
349 4620 497 4694 morbus
526 4628 703 4716 erumpat
755 4614 952 4703 Quibus
925 4641 955 4687 sr
980 4637 1054 4687 non

85 4734 116 4809 it
130 4760 240 4835 aeger
266 4733 425 4833 adjutus,
451 4733 542 4807 scire
567 4730 665 4816 licet,
689 4725 785 4801 malo
810 4728 949 4801 victum
968 4749 1056 4799 esse.

85 4871 150 4924 ’ero
166 4848 224 4925 his
243 4847 394 4925 morbus
410 4846 550 4944 levatus
568 4856 633 4932 est,
647 4841 798 4941 jamque
816 4839 940 4923 fauces
958 4853 995 4914 et
1012 4838 1061 4912 ci·
