2858 5296
313 362 386 435 148
683 382 720 431 r.
739 378 852 431 coss.
871 376 978 429 censs

310 557 380 633 isto
410 560 693 643 conuecnrnnrr,
720 552 1002 655 jungunturque
1039 550 1077 626 ei
1108 548 1193 651 sept

311 679 556 745 transversum
571 690 664 756 esse,
681 690 791 769 supro
801 664 917 767 posui.
940 666 944 673 '
967 660 1063 739 Inde
1078 660 1191 739 iurn'v

309 804 395 882 prus
417 779 570 883 puulum
599 780 640 855 in
669 777 917 855 dexteriorem
944 788 1084 879 purtem
1110 784 1189 851 cod

308 916 493 969 summum
509 891 731 987 intestinum·
749 888 966 969 coarctetur.
1018 886 1129 964 Hauc
1146 884 1188 991 Ju

309 1002 450 1107 τυλωρδν
465 1004 603 1081 Graeci
618 1016 763 1092 vocum,
782 1004 954 1104 quonism
970 1010 1098 1103 porme
1112 996 1187 1075 mol

309 1114 459 1195 seriores
471 1130 593 1219 portes
604 1140 658 1204 eu,
669 1140 764 1218 quoe
773 1116 957 1192 excreturi
970 1136 1105 1204 sumus,
1117 1108 1185 1189 eud

308 1256 353 1309 es
360 1230 533 1335 jejunum
547 1230 761 1307 intestinum
779 1228 919 1331 incipit,
944 1252 1019 1304 uon
1044 1228 1096 1303 its
1116 1224 1184 1329 iro1'¹

308 1346 372 1421 cui
383 1344 456 1421 tale
472 1340 692 1429 vocobulum
709 1354 776 1432 est,
793 1343 880 1443 quis
894 1364 1095 1441 uunquam,
1113 1358 1183 1439 quo

308 1456 502 1545 continet3
518 1454 585 1531 sed
598 1456 766 1555 protinus
784 1457 823 1531 in
839 1453 1027 1531 inferiores
1042 1452 1164 1553 portes
1178 1478 1181 1489 ’

307 1570 365 1645 rit.
403 1565 499 1644 Inde
514 1570 662 1644 tenuius
676 1570 893 1645 intestinum
910 1579 977 1656 est,
995 1568 1035 1641 in
1050 1566 1180 1641 sinusr

307 1693 366 1758 ter
380 1680 621 1783 implicitum:
649 1682 756 1759 orbes
779 1706 866 1758 vero
894 1680 974 1783 ejus
1000 1698 1179 1781 permen

308 1794 445 1894 singuli
459 1820 546 1873 cum
561 1796 811 1871 interioribus·
826 1806 1096 1871 connectuntur
1109 1823 1121 1886 3
1139 1816 1178 1893 qr

310 1910 481 1984 teriorern
496 1920 638 2009 purtem
663 1910 840 1998 conversi,
870 1921 911 1984 et
933 1933 955 1983 e
980 1907 1130 2007 regione
1145 1904 1176 1981 d

308 2042 426 2098 coxae
435 2020 538 2110 liniti,
554 2022 757 2117 superiores
767 2032 889 2097 tamen
900 2032 1020 2121 partes
1035 2019 1175 2120 magist

306 2132 455 2209 Deinde
467 2132 507 2207 id
523 2134 737 2209 intestinum
754 2158 840 2210 cum
857 2135 1030 2210 crassiore
1049 2131 1174 2209 altero·

308 2258 351 2321 so
366 2246 618 2335 committitur,
637 2244 739 2345 quod
753 2272 777 2322 s
792 2244 925 2322 dextre
935 2260 1039 2346 purte
1050 2244 1173 2347 incipis

304 2358 532 2434 nisteriorem
548 2358 715 2459 pervium
732 2370 771 2437 et
786 2358 939 2460 longum
964 2370 1030 2447 est,
1054 2360 1094 2433 in
1116 2356 1171 2435 dei

305 2468 382 2547 non
398 2480 478 2564 est3
504 2468 661 2572 ideoque
678 2496 831 2549 coecum
848 2473 1066 2548 nominatur.
1119 2470 1170 2548 At

305 2585 472 2683 pervium
489 2595 556 2673 est,
581 2581 654 2660 lute
669 2582 793 2661 fusum
809 2597 919 2685 atque
944 2586 1140 2675 murratum,
1165 2611 1169 2657 1

307 2699 616 2797 qunmsnperiora
624 2700 798 2775 intestina
809 2722 1015 2787 nervosum,
1030 2697 1075 2773 ab
1088 2710 1168 2773 utre

306 2808 382 2884 huc
407 2823 518 2909 atque
535 2810 623 2887 illuc
639 2813 820 2902 volutum,
847 2814 961 2912 magis
978 2824 1102 2887 tumen
1123 2813 1167 2886 sir

305 2920 568 3020 inferioresque
596 2937 718 3023 partes
750 2948 889 3017 oeneus,
916 2926 1097 3023 contingit
1114 2926 1166 3027 jes

305 3029 575 3108 ventriculumz
601 3034 736 3113 deinde
753 3063 838 3112 curn
857 3040 1074 3138 quibusdam
1100 3066 1165 3117 mer

303 3162 327 3214 a
351 3142 497 3216 sinistro
525 3168 613 3218 rene
643 3149 874 3224 venientibus
902 3152 1098 3253 juugitur;
1133 3169 1164 3229 ut

303 3253 434 3328 dextra
450 3268 683 3331 recurvatum
707 3260 746 3332 in
777 3261 851 3334 imo
868 3262 1048 3364 dirigitur,
1080 3292 1154 3367 quu

301 3363 460 3465 ideoque
477 3366 515 3440 id
532 3368 583 3442 ibi
599 3381 741 3443 rectum
759 3372 973 3451 intestinum
991 3381 1162 3456 nominas

302 3479 396 3577 tegit
413 3503 500 3554 vero
516 3482 685 3556 universa
701 3482 792 3560 haec
814 3505 1016 3581 omentum,
1032 3518 1079 3568 ex
1097 3494 1161 3570 inii

226 3684 233 3696 Ι
303 3600 341 3664 te
356 3590 459 3667 laeve
477 3606 515 3668 et
531 3596 710 3686 strictum,
729 3624 776 3673 ex
790 3605 974 3701 superiore
986 3606 1156 3699 mollius;

138 3700 214 3801 2⁰⁰¹
304 3726 452 3802 quoque
469 3706 690 3799 innascitur3
709 3738 803 3811 quae
820 3739 940 3804 sensu,
957 3720 1052 3795 sicut
1065 3722 1160 3831 cerel

302 3836 376 3910 que
394 3832 433 3889 et
448 3816 620 3906 medulla,
639 3838 750 3899 caret.
785 3826 872 3902 Ata
887 3832 1032 3907 renibus
1050 3835 1159 3933 singu

302 3922 425 3999 colore
443 3927 558 4018 albae,
580 3932 627 4006 ud
645 3938 802 4011 vesicam
819 3939 1010 4018 feruntur:
1038 3948 1158 4049 uim

301 4051 446 4123 vocant.
465 4042 566 4137 quod
584 4069 650 4142 per
666 4072 726 4122 eas
743 4050 830 4125 inde
854 4053 1138 4135 descendentem

300 4148 458 4223 vesicam
477 4150 659 4231 destillare
677 4165 901 4262 concipiunt
954 4169 1088 4247 Vesica
1107 4200 1155 4249 au

300 4284 342 4335 so
357 4262 440 4336 sinu
458 4286 611 4341 nervosa
626 4284 665 4345 et
687 4271 837 4374 duplex,
863 4284 1005 4358 cervice
1027 4286 1156 4384 plena:

257 4426 267 4442 ,
333 4394 348 4426 ¹
361 4385 462 4459 Suppls
473 4390 588 4457 mdidse,
598 4393 643 4447 rel
654 4398 762 4453 ordibus
768 4422 780 4461 ,·
792 4401 896 4458 scilicet
907 4422 955 4476 per
963 4412 1156 4467 mesenterium

298 4468 332 4522 de
340 4468 499 4527 numulibus
511 4472 621 4543 dictum,
632 4485 664 4533 ut
675 4479 846 4541 Musonianus
854 4488 1002 4559 suspicetur
1014 4504 1063 4559 cst,
1072 4495 1156 4568 Epist
