2858 5296
452 692 672 745 MEDICINAE
690 695 765 745 Lrn.
786 694 826 742 11.
1120 693 1171 770 79

69 882 75 949 ss
130 859 327 955 lutensoet,
336 866 459 941 minus
471 864 638 943 alimenti
649 881 833 968 prsestst3
852 872 1015 973 itemque
1028 903 1103 978 quo
1116 891 1170 959 te.

126 976 679 1081 nuorpuusoohortaliswst:
704 984 742 1057 in
759 985 923 1082 piscibus
934 1011 1079 1089 quoque
1091 1019 1167 1071 me-

121 1088 175 1167 dia
187 1104 296 1181 netu,
308 1116 403 1193 quse
411 1091 587 1168 nondum
600 1117 780 1169 summam
797 1098 1088 1196 magnitudinem
1098 1106 1165 1180 im·

116 1200 233 1302 plerit.
268 1204 423 1283 Deinde
433 1230 486 1281 ex
496 1205 628 1282 eodem
640 1231 715 1296 sue,
727 1210 901 1307 ungulae,
918 1223 1087 1301 rostrum,
1102 1241 1164 1292 au·

113 1339 176 1404 tes,
188 1317 439 1412 tuebellum3
469 1343 517 1394 ex
540 1343 651 1418 agno,
684 1320 862 1410 hoedove,
899 1346 987 1397 cum
1020 1325 1163 1423 petiolis

112 1442 213 1505 totum
226 1446 347 1533 ceput
373 1431 582 1532 aliquanto,
600 1458 709 1531 quam
726 1447 850 1510 cetera
874 1436 1052 1524 membra,
1076 1437 1164 1513 levi-

110 1566 163 1617 αι
177 1556 289 1622 ut:
316 1544 424 1622 adeo
451 1560 495 1621 ut
519 1546 558 1618 in
583 1545 704 1621 media
726 1549 879 1623 materia
903 1550 993 1647 poni
1009 1551 1162 1648 possint

107 1656 312 1748 Ensibus,
332 1658 451 1747 colle,
468 1657 595 1734 alaeve
611 1672 711 1735 recte
723 1660 974 1735 infirmissimis
985 1661 1162 1738 adnume-

105 1786 225 1849 nourr.
279 1771 408 1863 Quod
426 1771 478 1846 ad
495 1771 614 1846 solum
638 1797 726 1847 vero
743 1775 913 1872 pertinet,
931 1761 1160 1851 fiumentum

106 1908 240 1985 quoque
266 1885 463 1961 valentius
495 1897 554 1960 est
577 1883 763 1974 collinum,
791 1911 901 1986 quam
926 1901 1156 1987 campestre:

107 1996 207 2073 levior
221 2000 339 2098 piscis
354 2001 457 2075 inter
471 2023 562 2073 saxa
571 1998 700 2086 editus,
712 2023 821 2098 quum
838 2001 878 2075 in
888 2025 1023 2094 arena3
1042 1999 1159 2077 levior

109 2110 145 2183 iu
157 2136 280 2200 arens,
298 2136 408 2211 qnam
424 2113 464 2186 in
480 2109 594 2187 limo:
622 2136 697 2210 quo
712 2110 764 2200 fit,
790 2123 834 2187 ut
858 2137 907 2187 ex
931 2125 1072 2210 stagno,
1099 2114 1159 2189 vel

114 2220 206 2312 lecu,
222 2222 282 2299 vel
296 2224 444 2301 flmnine
462 2224 593 2300 endem
607 2248 744 2324 genera
759 2225 928 2322 graviora
951 2225 1046 2300 siut:
1072 2223 1159 2301 levi·

120 2357 237 2434 osque,
253 2337 317 2436 qui
330 2338 369 2413 in
382 2337 471 2427 alto,
484 2362 596 2437 quum
613 2339 677 2437 qui
693 2338 732 2411 in
757 2336 853 2412 vado
880 2337 980 2413 vixit
1030 2336 1157 2416 Omne

121 2448 219 2523 etism
239 2448 358 2527 serum
382 2450 521 2527 animal
554 2451 755 2527 domestico
788 2449 931 2546 levius3
969 2461 1008 2528 et
1040 2453 1157 2551 quod·

123 2583 251 2663 cunque
263 2563 422 2641 humido
436 2563 555 2653 coelo,
572 2589 681 2663 quam
698 2563 798 2663 quod
814 2566 913 2640 sicco
930 2577 1060 2641 natum
1084 2581 1153 2642 est.

125 2672 248 2753 Deinde
261 2677 395 2754 endem
414 2678 537 2752 omnia
553 2678 713 2776 pinguia,
727 2702 837 2776 quam
854 2703 1000 2771 maera;
1028 2703 1155 2753 recen·

126 2787 276 2888 taquam
291 2790 413 2879 salsa;
440 2815 546 2877 nova,
573 2816 681 2890 quam
706 2803 859 2877 vetusta,
885 2789 968 2889 plus
991 2789 1155 2864 alimenti

125 2896 247 2979 intent.
280 2903 385 2979 Tum
402 2929 460 2979 res
477 2904 604 2978 eadem
620 2904 735 3001 magis
752 2903 816 2977 alit
826 2901 1027 3002 jurulenta,
1046 2927 1157 3000 quam

125 3035 208 3103 ιω
234 3020 350 3117 magis
375 3042 468 3103 assa,
497 3041 606 3116 quam
633 3015 739 3090 elixa.
793 3012 920 3088 Ovum
938 3012 1072 3085 durum
1099 3038 1156 3087 va·

123 3121 321 3205 lentinimse
334 3131 506 3206 materiae
524 3143 602 3215 est;
620 3127 742 3213 molle,
761 3125 819 3200 vel
832 3122 975 3209 sorbile,
993 3123 1156 3198 imbecil-

126 3237 276 3316 lissimue
325 3242 491 3344 Cumque
514 3242 682 3341 panificia
706 3240 830 3314 omnia
846 3237 1046 3311 firmissima
1070 3239 1155 3327 sint,

126 3350 229 3427 elota·
251 3367 366 3430 tamen
391 3356 570 3458 quaedam
594 3379 730 3454 genera
752 3351 938 3439 frumenti,
963 3363 1005 3426 ut
1036 3352 1153 3440 alicu,c

124 3470 256 3567 orm*
267 3470 442 3569 ptisaun,‘
467 3469 589 3545 velex
606 3467 734 3543 iisdem
759 3466 859 3541 facta
882 3463 1068 3553 sorbitio,‘
1094 3464 1153 3540 vel

124 3579 316 3677 pulticulis,f
332 3596 372 3657 et
387 3608 483 3683 aqua
496 3608 641 3684 quoque
654 3580 803 3656 madens
816 3581 933 3679 panis,
949 3578 1155 3654 imbecillis-

124 3696 203 3769 tinus
216 3695 449 3771 adnumerari
464 3711 595 3796 potest.

161 3809 212 3885 Ex
226 3811 438 3911 potionibus
451 3834 550 3896 vero,
568 3830 808 3908 quaecunque
822 3829 868 3879 ex
880 3802 1066 3879 frumento
1077 3803 1153 3879 fac·
1164 3836 1288 3889 rosum

152 4008 257 4066 ‘Pullus
276 4008 455 4084 gudinsoeus3
476 4007 516 4061 sin
536 4008 659 4071 Ovinius,
680 4007 713 4058 de
730 4005 808 4075 vulpe
828 4020 934 4068 nonem,
950 4002 1022 4057 Fsst
1041 4000 1076 4055 iv·
1096 4004 1157 4058 704.

183 4098 198 4124 ⁸
206 4095 360 4149 Absurlerut
370 4093 468 4147 multas
478 4091 526 4144 illn
537 4089 655 4145 cohortis
666 4089 754 4142 aves.”
793 4087 858 4141 Con.
871 4087 987 4140 Prooem
998 4085 1043 4138 lib.
1055 4084 1073 4137 i.

156 4168 279 4243 'Subest
297 4178 433 4232 frumento
450 4191 526 4246 eque,
543 4173 613 4226 inter
625 4172 794 4245 purgandum
809 4170 844 4225 sd
861 4168 1028 4233 sorbitiones,
1046 4166 1157 4224 imbuta.

128 4255 190 4313 lbet
198 4269 222 4315 et
233 4261 320 4316 Vsso.
331 4260 366 4314 de
379 4258 465 4313 Hord.
501 4256 577 4310 Pers.
589 4255 665 4309 xviii.
678 4260 704 4307 7.

154 4343 165 4373 ‘
176 4343 221 4398 les
231 4345 313 4418 pinse,
325 4343 389 4399 dein
400 4358 469 4413 sqnn
480 4339 572 4404 onlids,
583 4338 646 4403 sale,
663 4344 796 4408 motuque,
806 4334 850 4389 vel
862 4332 987 4399 alumine,
1001 4332 1155 4388 oommixts

128 4422 187 4479 Pus.
204 4429 276 4482 xviii
288 4435 312 4481 7.
328 4431 369 4481 ll.
407 4424 497 4478 Vnno.
516 4423 550 4476 sd
570 4421 646 4476 Dios.
666 4421 699 4474 ds
720 4419 814 4473 Alios:
833 4435 911 4490 quam
931 4415 1050 4489 ptisnnss
1067 4416 1157 4472 losum

127 4507 168 4561 lere
178 4513 226 4565 ruis
237 4512 401 4584 temporibus
413 4524 562 4579 usurpasse,
574 4506 651 4560 Pus.
662 4503 730 4558 xxii.
744 4510 787 4557 25.
798 4510 892 4556 auctor
904 4507 953 4555 est.

153 4596 257 4668 ‘llrysa
267 4596 360 4661 sativa,
374 4594 406 4647 L.
687 4598 700 4624 θ
713 4587 783 4640 Vide
795 4604 883 4658 suprs,
893 4603 920 4657 p.
934 4589 979 4637 68.

152 4676 232 4734 ‘Pru
245 4681 365 4744 «frumist,
374 4676 509 4747 pulticula
522 4673 629 4727 tenuior
643 4674 710 4726 Zone
722 4671 820 4742 pollen,
837 4669 867 4721 iu
878 4665 1044 4732 sorbitiones,
1055 4662 1165 4738 perinde

124 4776 147 4813 tc
157 4763 258 4834 prims,
269 4761 399 4819 macenti
412 4759 541 4816 solebant
577 4757 655 4812 Dios.
669 4756 701 4810 de
713 4751 856 4810 Pulticula.
