2858 5296
338 359 389 428 30
716 379 752 427 s.
771 377 883 444 εφη.
902 370 1009 434 censs

196 543 202 553 ’
332 549 504 651 jejunum
534 551 657 626 cibum
676 549 731 625 bis
756 550 816 626 die
832 574 1023 638 assumere,
1051 550 1103 625 sic
1120 561 1189 626 tam

339 663 410 738 cile
438 675 672 762 concoquat3
704 664 759 739 uti
784 665 869 739 vino
896 664 1002 740 tenui
1015 674 1055 738 et
1070 679 1188 738 auster

339 775 464 850 cibum
476 774 619 876 frigidis
629 776 838 876 potionibus
850 777 984 876 potius.
1020 774 1188 852 Stomacb

338 886 524 964 infirmum
556 888 723 967 indicant
754 889 880 989 pallor,
919 891 1067 977 macies,
1101 911 1188 989 prae

340 999 455 1090 dolor,
474 1026 621 1092 nausea,
635 1015 673 1078 et
689 1003 892 1078 nolentium
910 1004 1079 1090 vomitus,
1097 1002 1136 1075 in
1145 1000 1188 1101 je

340 1117 480 1217 capitis
532 1115 639 1204 Quae
664 1116 797 1216 inquo
824 1139 900 1189 non
925 1130 1024 1203 sunt,
1050 1113 1188 1189 isfirmi

339 1240 407 1304 est.
458 1227 592 1328 Neque
608 1228 833 1305 credendum
846 1230 973 1327 utique
989 1228 1119 1304 nostris
1132 1241 1188 1314 est

339 1343 380 1418 in
404 1340 556 1416 adversa
583 1341 791 1419 valetudine
818 1344 945 1417 vinum
971 1353 1037 1416 aut
1065 1338 1188 1440 frigida

339 1455 643 1552 concupiverunt,
658 1454 871 1530 deliciarum
886 1453 1130 1555 patrocinium
1143 1453 1182 1526 in

338 1591 425 1645 nem
441 1590 517 1642 non
543 1570 716 1646 merentis
745 1567 925 1644 stomachi
941 1568 1089 1644 hebent.
1140 1564 1188 1640 At

339 1693 588 1780 concoquunt,
620 1695 659 1757 et
676 1705 832 1781 quorum
858 1680 945 1756 ideo
969 1677 1185 1780 praecordia

339 1792 449 1892 quive
465 1807 615 1894 propter
630 1795 797 1870 ardorem
819 1793 978 1894 aliquem
995 1805 1110 1869 noctu
1127 1793 1189 1868 siti

338 1919 438 1994 ruut,
464 1918 551 1982 ante
568 1930 678 2007 quam
694 1910 966 2006 conquiescant,
995 1905 1088 1981 duos
1105 1919 1189 1980 tresr

337 2033 570 2116 pertenuem
595 2018 752 2097 fistulam
770 2020 907 2095 bibant.
959 2019 1114 2096 Prodest
1142 2019 1189 2095 eti

336 2152 400 2204 sus
416 2131 558 2206 tardam
582 2134 861 2208 concoctionem
886 2133 983 2207 clare
1007 2131 1142 2233 legere,
1168 2129 1189 2206 d

338 2241 476 2332 bulare,
494 2256 574 2320 tum
592 2245 651 2321 vel
668 2247 758 2346 ungi
774 2245 833 2321 vel
848 2245 973 2335 lavari,
989 2245 1135 2322 assidue
1150 2247 1190 2320 vi

337 2355 429 2432 dum
445 2356 581 2447 bibere,
600 2371 738 2460 etpost
754 2361 889 2448 cibum,
909 2370 1080 2458 maguam
1096 2359 1190 2459 potio

338 2480 506 2570 utsupra
523 2471 610 2561 (bxi,
622 2496 689 2571 per
701 2472 892 2572 siphonem
907 2499 918 2546 ε
936 2471 1070 2547 deinde
1082 2496 1191 2547 omne

339 2607 434 2684 aqua
458 2584 592 2686 frigida
615 2586 815 2663 includere.
868 2586 940 2661 Cui
957 2610 1046 2660 vero
1068 2587 1191 2660 cibus:

337 2711 423 2772 ante
440 2722 526 2773 eum
545 2700 670 2777 bibere
685 2722 818 2799 aquam
835 2698 1016 2798 egelidam
1034 2698 1155 2786 debet,
1170 2722 1191 2772 e

338 2821 377 2884 at
393 2812 423 2884 si
439 2814 500 2886 cui
528 2837 574 2887 ex
599 2813 670 2888 boc
695 2811 867 2914 frequens
891 2812 1049 2912 dejectio
1077 2811 1192 2886 incidi

335 2920 439 2997 alvus
455 2925 491 2997 ei
507 2928 720 3015 constiterit,
741 2926 881 3026 ¹frigida
896 2927 1045 3026 potione
1070 2925 1192 3024 potissi

336 3044 409 3109 tur.

202 3182 304 3217 reus
388 3144 458 3221 IX.
485 3147 524 3221 si
541 3151 602 3223 cui
619 3172 707 3224 vero
731 3151 856 3226 dolere
872 3151 975 3227 nervi
999 3151 1128 3240 solent,
1155 3173 1193 3251 qt

173 3249 239 3282 '¹¹¹⁰‘
336 3257 450 3358 dagra
459 3259 670 3360 chiragrave
687 3286 766 3337 esse
782 3266 983 3353 consuevit,
1003 3266 1101 3352 hnic,
1119 3288 1193 3364 qua

335 3385 467 3472 potest,
495 3374 742 3450 exercendum
761 3376 881 3465 idest,
909 3377 1010 3476 quod
1028 3377 1194 3453 affectum

336 3487 582 3587 mendumque
607 3487 722 3562 labori
738 3501 777 3565 et
792 3488 939 3590 frigori3
966 3493 1034 3565 nisi
1052 3516 1137 3566 cum
1154 3491 1195 3566 dc

336 3603 415 3696 vit3
447 3604 514 3676 sub
531 3627 607 3701 quo
631 3605 733 3701 quies
750 3606 889 3704 optima
903 3616 970 3679 est.
1021 3604 1151 3679 Venus
1176 3627 1195 3678 s

334 3715 443 3790 imica
459 3728 538 3809 est;
566 3719 771 3806 concoctio,
798 3719 894 3792 sicut
910 3719 948 3790 in
975 3718 1144 3791 omnibus
1161 3740 1196 3791 o<

334 3827 503 3916 sentibus,
535 3832 750 3906 necessaria.
820 3831 991 3906 Cruditas
1026 3833 1124 3905 enim
1158 3829 1198 3904 id

287 3988 296 4051 ss
333 3939 455 4028 laedit,
487 3953 526 4017 et
543 3945 685 4041 quoties
711 3943 888 4020 offensum
915 3968 1047 4043 corpus
1064 3958 1130 4032 est,
1162 3945 1197 4018 vi

335 4054 491 4128 maxime
508 4056 628 4130 sentit.

170 4177 321 4310 mm·
386 4169 440 4245 Ut
464 4171 655 4269 concoctio
684 4183 807 4243 autem
832 4172 1000 4245 omnibns
1026 4174 1121 4247 vitiis
1137 4196 1200 4247 occ

170 4313 267 4364 esau.
339 4307 461 4390 rursus
486 4279 564 4355 nbis
589 4279 715 4380 frigus,
743 4281 821 4355 aliis
839 4284 959 4359 calor:
993 4312 1088 4385 quae
1113 4310 1201 4384 sequ

338 4424 404 4498 pro
431 4395 555 4471 babitu
583 4397 743 4494 corporis
770 4396 825 4470 sui
856 4396 974 4474 debet.
1040 4399 1170 4498 Frigus
1197 4405 1202 4473 1'
