2858 5296
420 702 638 755 ueurcrrran
656 702 732 752 nra.
752 702 807 752 111.
1090 688 1161 772 187

103 884 186 958 item
206 880 283 955 sub
304 878 385 953 imit
405 878 551 953 ossibus
577 875 819 977 scapularum,
847 902 938 976 quas
957 882 1161 979 ὀροτλάτας

107 994 246 1073 Graeci
271 1004 407 1079 vomat,
435 992 503 1079 sic,
534 1015 583 1066 ne
615 1014 805 1067 sanescere
831 991 957 1067 ulcera
984 995 1156 1084 sinamus,

112 1110 178 1183 nisi
193 1106 283 1183 tusi
295 1104 413 1179 finita:
440 1105 505 1181 cui
520 1128 588 1203 per
604 1128 644 1179 se
661 1129 811 1205 quoque
828 1104 1052 1181 medendum
1067 1131 1157 1195 esse,

121 1218 335 1297 manifestim
349 1230 419 1293 est.
454 1216 568 1293 Tunc
585 1230 642 1293 ter
658 1231 836 1317 quaterve
853 1218 915 1293 die
927 1218 1161 1295 vehementer

125 1348 288 1411 extrem
299 1344 427 1434 partes
439 1330 705 1431 perfricandae,
721 1331 852 1407 thorax
866 1332 938 1407 levi
955 1356 1067 1407 manu
1084 1356 1162 1432 per·

128 1446 320 1535 tractandus,
346 1457 436 1545 post
459 1446 584 1519 cibum
603 1445 876 1521 intermittenda
894 1446 994 1532 hora,
1019 1456 1059 1520 et
1082 1470 1164 1544 per·

130 1558 263 1637 fricando
285 1584 412 1647 crura,
439 1559 689 1657 brachiaque:
715 1560 936 1659 interpositis
962 1558 1066 1633 denis
1087 1557 1164 1633 die-

129 1672 184 1763 bu,
211 1672 466 1750 demittendus
495 1686 552 1748 est
581 1697 691 1771 aeger
715 1674 753 1747 iu
779 1676 923 1763 solium,
951 1678 990 1751 in
1017 1700 1092 1775 quo
1116 1678 1164 1751 sit

85 1828 87 1839 ·
130 1810 195 1887 tqna
207 1788 323 1865 calida
339 1799 382 1863 et
400 1786 548 1861 oleum:
577 1789 706 1862 ceteris
723 1787 851 1863 diebus
864 1788 1024 1864 bibenda
1040 1814 1160 1889 aqua;

131 1910 184 1977 tur
197 1904 333 1989 viuum,
352 1902 386 1975 si
403 1900 516 1975 tussis
542 1924 615 1974 non
644 1914 710 1988 est,
741 1903 846 2000 potui
871 1901 1044 2001 frigidum
1072 1902 1162 1977 dan·

133 2010 219 2107 lnn3
240 2018 356 2101 siest,
382 2011 587 2113 egelidum.
638 2012 740 2088 Utile
765 2027 824 2095 est
840 2016 949 2090 etiarn
974 2017 1012 2089 in
1038 2017 1163 2091 remis·

137 2128 265 2203 tinibus
279 2126 449 2227 quotidie
469 2126 572 2200 cibos
588 2125 690 2201 dari:
719 2126 906 2202 frictiones
927 2129 1163 2226 gestationes-

138 2262 191 2337 que
219 2242 374 2317 similiter
409 2238 606 2314 adhiberi:
640 2239 771 2315 eadem
799 2242 898 2315 acria
924 2252 1066 2341 quarto,
1099 2254 1164 2318 aut

138 2354 239 2449 quinto
253 2354 311 2431 die
324 2378 498 2431 sumere:
525 2353 710 2429 interdum
733 2353 886 2429 herbam
910 2353 1162 2454 sanguinalem

137 2488 165 2542 tr
186 2482 293 2559 noeto,
323 2468 385 2545 vel
419 2466 669 2566 plantaginem
702 2492 792 2543 esse.
844 2467 1163 2546 Medicamentum

133 2594 167 2657 tt
178 2585 279 2659 etiarn
294 2581 357 2658 vel
372 2580 599 2681 plantaginis
616 2606 748 2657 succus
765 2606 831 2681 per
847 2608 897 2672 se,
912 2582 971 2658 vel
989 2585 1163 2659 marrubii

133 2716 190 2771 tun
203 2696 310 2773 melle
322 2698 498 2771 incoctus
512 2722 523 2785 ;
551 2695 601 2767 ita
617 2708 660 2769 ut
675 2695 771 2770 illius
788 2696 942 2796 cyathus
960 2697 1161 2784 sorbeatur,

132 2803 209 2909 lrjus
234 2809 435 2887 cochleare
461 2806 611 2907 plenum
637 2809 810 2907 paulatim
837 2809 1072 2907 delingatur3
1103 2808 1161 2883 vel

131 2918 200 2999 iuer
213 2950 251 3001 se
267 2925 401 3009 mixta,
417 2934 459 2995 et
475 2923 620 2996 lncocta
636 2924 775 2996 resinae
792 2922 1062 2996 terebinthinae
1080 2945 1162 3017 pars

85 3058 88 3109 ι
131 3030 265 3126 dimidia,
292 3038 423 3135 butyri
451 3047 489 3109 et
516 3035 634 3109 mellis
662 3061 745 3134 pars
775 3034 899 3107 altera.
964 3033 1166 3131 Praecipua

129 3156 230 3223 tamen
252 3176 302 3225 ex
325 3150 384 3225 his
411 3149 580 3223 omnibus
606 3160 693 3223 sunt
719 3148 850 3232 victus,
879 3144 1102 3232 vehiculum,
1127 3158 1165 3222 et

130 3264 229 3348 navis,
254 3276 294 3339 et
317 3263 480 3339 sorbitio.
532 3261 652 3337 Alvus
679 3262 753 3334 cita
779 3261 909 3357 utique
926 3257 1075 3333 vitanda
1099 3274 1164 3335 est.

131 3369 284 3451 Vomitus
310 3378 345 3451 iu
373 3375 446 3450 hoc
476 3376 604 3450 morbo
634 3372 818 3473 frequens,
845 3373 1069 3472 perniciosus
1095 3387 1162 3463 est,

130 3489 340 3591 maximeque
357 3490 557 3587 sanguinis.
610 3490 687 3578 Qui
718 3488 953 3564 meliusculus
978 3513 1056 3563 esse
1082 3512 1164 3563 coe-

128 3602 179 3697 pit,
195 3602 350 3704 adjicere
368 3604 480 3680 debet
502 3606 790 3690 exercitationes,
810 3603 1007 3689 frictiones,
1035 3601 1161 3677 cibos:

129 3710 242 3791 deinde
268 3720 349 3817 ipse
375 3743 425 3804 se,
452 3742 645 3816 suppresso
674 3718 813 3816 spiritu,
843 3716 1066 3816 perfricare;
1098 3717 1164 3790 diu

130 3826 288 3907 mtrem
304 3858 328 3906 a
344 3833 442 3919 vino,
461 3831 603 3917 balneo,
620 3856 763 3907 venere.

169 3940 314 4019 XXIII.
343 3944 448 4020 Inter
464 3945 669 4019 notissimos
684 3945 828 4019 morbos
844 3955 901 4017 est
913 3943 1023 4017 etiam
1041 3943 1082 4029 is,
1101 3942 1306 4049 quiapflgg,¹

134 4056 314 4144 comitialis,
334 4057 393 4132 vel
406 4056 522 4157 major
539 4058 758 4132 nominatur.
805 4056 932 4131 Homo
945 4056 1067 4129 subito
1084 4079 1170 4129 con·

133 4162 231 4259 cidit,
255 4194 302 4245 ex
318 4195 384 4247 ore
401 4195 551 4268 spumae
569 4184 786 4262 moventur3
807 4168 941 4243 deinde
958 4169 1173 4269 interposito

134 4286 278 4379 [empore
294 4283 344 4357 ad
361 4308 399 4358 se
419 4284 523 4370 redit,
549 4298 587 4359 et
612 4310 677 4383 per
702 4311 741 4359 se
767 4287 844 4383 ipse
870 4283 1070 4380 consurgit.
1123 4282 1171 4358 Id

131 4414 232 4485 galus
258 4398 402 4496 saepius
428 4400 532 4485 viros,
560 4424 669 4497 quam
695 4398 857 4485 feminas,
886 4412 1054 4495 occupat.
1107 4398 1169 4474 Ac

133 4502 211 4583 solet
226 4510 375 4607 quidem
402 4514 510 4587 etiam
536 4511 687 4611 longum
714 4538 804 4598 csse,
830 4536 946 4610 usque
972 4511 1019 4585 ad
1045 4515 1170 4587 mortis

132 4614 226 4707 diem,
252 4636 292 4699 et
317 4625 412 4700 vitae
438 4650 512 4699 non
536 4628 807 4723 periculosum3
839 4624 1025 4699 interdum
1048 4638 1170 4699 tamen

131 4752 205 4806 cnm
221 4762 347 4812 recens
361 4752 426 4829 est,
446 4739 629 4814 hominem
648 4741 853 4815 consumit:
883 4752 921 4813 et
938 4762 1045 4835 saepe
1072 4761 1168 4824 cum,

660 4845 674 4892 7
