2858 5296
337 362 383 437 16
570 427 572 433 .
720 382 1009 435 acolanorum
1035 394 1045 417 ·
1136 443 1141 456 Ι

335 583 421 638 vora
443 557 593 661 quidem
609 569 721 652 sunt;
751 557 1158 634 acommunibustame

335 673 420 750 darn
447 673 594 774 propria
622 670 864 747 descendunt.
924 669 1010 745 Nisi
1037 666 1159 769 perani

335 785 474 875 volunt,
510 785 606 862 sanis
641 785 791 885 quidem
825 782 1129 859 considerandum

335 896 492 986 coelum,
507 897 608 997 qnod
618 909 764 998 tempus
779 893 865 971 anni
882 897 954 989 sit3
974 896 1091 995 aegris
1103 920 1160 972 ver

336 1011 470 1110 quibus
487 1022 591 1087 tanto
607 1011 723 1109 magis
747 1010 865 1084 omnia
881 1009 1085 1085 observatio
1105 1032 1160 1084 net

336 1136 475 1224 quanto
492 1124 607 1222 magis
623 1123 783 1197 obnoxia
807 1121 952 1197 offensis
969 1121 1153 1196 infirmitas

336 1238 446 1312 etiam
459 1236 668 1310 morborum
682 1234 852 1310 iniisdem
868 1233 1161 1310 bominibusaliar

337 1349 575 1448 proprietates
591 1360 702 1440 sunt,
725 1363 763 1424 et
779 1349 842 1446 qui
859 1347 1028 1424 secundia
1044 1347 1162 1447 aliqua

336 1473 485 1537 curatus
507 1472 573 1548 est,
600 1462 788 1536 contrariis
813 1485 921 1560 saepe
949 1463 1162 1536 restituitur.

337 1597 409 1672 que
425 1574 464 1647 in
481 1572 604 1648 dando
628 1574 713 1649 cibo
741 1573 949 1648 discrimina
965 1575 1163 1672 reperiuntt

334 1685 405 1762 bus
422 1697 616 1762 contentus
644 1710 718 1761 uno
736 1710 809 1768 ero.
862 1685 958 1760 Nam
983 1683 1118 1760 famem
1145 1685 1163 1760 i

333 1796 485 1888 lescens,
504 1824 613 1899 quam
638 1824 755 1900 puer3
786 1796 929 1874 facilins
951 1799 989 1873 in
1007 1797 1120 1873 denso
1136 1823 1164 1874 u

333 1911 372 1985 in
391 1913 519 2003 tenui;
547 1911 688 1989 facilius
706 1912 837 1997 hieme,
854 1935 963 2010 quam
980 1914 1165 2000 aestate3l

334 2023 429 2111 cibo,
461 2048 570 2123 quam
599 2023 754 2123 prandio
779 2047 926 2123 quoque
953 2035 1140 2116 assuetus,

333 2136 564 2224 exercitatus,
577 2162 686 2238 quam
700 2138 920 2211 exercitatus
937 2135 1166 2212 homosustin

333 2261 459 2326 autem
475 2249 514 2323 in
531 2274 576 2324 eo
592 2249 708 2348 magis
721 2249 934 2324 necessaria
949 2249 1023 2323 cibi
1039 2246 1167 2324 festina

334 2364 456 2438 minus
468 2360 625 2437 inediam
643 2360 783 2438 tolerat
834 2358 897 2436 Ob
915 2386 1010 2460 quae
1027 2361 1168 2462 conjicit

334 2477 480 2577 propria
490 2498 564 2549 non
576 2476 689 2563 novit,
704 2476 915 2550 communia
924 2487 1067 2550 tantum
1081 2476 1169 2550 intur

335 2613 507 2692 eumque,
534 2589 598 2688 qui
616 2612 720 2664 nosse
746 2589 892 2687 propria
908 2599 1039 2687 potest,
1066 2586 1169 2689 illaq

335 2715 502 2802 oportere
520 2701 717 2802 negligere,
737 2700 801 2776 sed
820 2701 875 2775 his
894 2725 1042 2800 quoque
1059 2701 1171 2778 insisn

335 2838 419 2912 que,
439 2840 524 2888 cum
541 2840 606 2914 par
623 2815 779 2890 scientia
792 2815 848 2902 sit,
866 2813 1048 2887 utiliorem
1066 2827 1171 2888 tamer

335 2948 413 2999 esse
429 2928 599 3012 amicum,
619 2951 728 3025 quarn
745 2940 969 3001 extraneum.
1022 2924 1151 3024 Igitur,

336 3037 494 3135 positum
528 3061 651 3111 meum
686 3037 844 3124 redeam,
873 3037 1085 3113 rationalem
1119 3040 1173 3138 qm‘

174 3151 233 3188 ⁰¹¹¹
336 3146 555 3252 medicinam
583 3171 661 3222 esse
686 3147 842 3223 debere:
875 3150 1004 3223 instrui
1032 3151 1174 3226 veroni

300 3252 406 3335 ‘'''bus
434 3260 576 3351 causis,
613 3260 775 3334 obscuris
809 3261 988 3350 omnibus,
1017 3287 1090 3338 non
1117 3288 1140 3337 a
1167 3291 1175 3337 r

336 3371 492 3459 artificis,
511 3371 575 3446 sed
601 3372 647 3445 ab
663 3373 742 3470 ipsa
757 3384 835 3447 arte
863 3373 1018 3473 rejectis.
1071 3374 1177 3451 Incid

335 3485 501 3560 vivorum
524 3508 687 3584 corpora,
711 3497 750 3559 ct
775 3484 934 3573 crudele,
963 3499 1001 3561 et
1026 3512 1177 3586 superva

336 3611 574 3682 mortuorum,
604 3597 826 3673 discentibus
852 3601 1106 3674 necessarium.
1170 3599 1179 3675 l

334 3722 415 3785 turn
444 3725 482 3786 et
499 3710 664 3786 ordinem
695 3734 800 3785 nosse
818 3710 975 3786 debent:
1003 3737 1098 3810 quae
1123 3715 1180 3788 car

335 3822 416 3909 lius,
436 3848 545 3921 quarn
565 3823 669 3898 vivus
686 3835 724 3897 et
740 3823 951 3898 vulneratus
968 3823 1090 3912 homo,
1104 3851 1181 3926 repr

336 3933 409 4010 Sed
426 3948 465 4009 et
480 3949 613 4023 cetera,
633 3959 726 4033 quae
744 3935 854 4010 modo
870 3938 907 4010 in
926 3938 1016 4012 vivis
1032 3961 1182 4036 cognose

334 4047 373 4120 in
385 4047 471 4146 ipsis
484 4049 732 4122 curationibus
749 4047 1022 4124 vulneratorum
1036 4049 1184 4149 paulotr

334 4157 521 4258 aliquanto
537 4160 662 4235 mitius
678 4185 767 4234 usus
784 4162 860 4259 ipse
879 4163 1104 4237 monstrabit.

174 4278 313 4398 &iffi
384 4270 456 4344 His
489 4273 691 4370 propositis,
728 4274 885 4371 primum
916 4273 1048 4362 dicam,
1077 4299 1187 4373 quem

173 4429 263 4463 nomm
275 4425 315 4464 au.
332 4406 437 4458 sanos
454 4407 562 4482 agere
578 4385 793 4459 conveniat:
821 4398 901 4459 tum
918 4385 967 4460 ad
983 4411 1026 4461 ea
1042 4387 1188 4463 transib,

173 4481 245 4529 enda.

331 4496 475 4570 morbos
491 4497 769 4595 curationesque
786 4521 912 4572 eorum
929 4499 1173 4596 pertinebunt
