2858 5296
205 760 423 813 usurcruse
440 762 517 815 nra.
538 766 590 816 rv.
870 760 944 842 177

89 934 155 1011 lioo
166 934 332 1011 dolorem
348 950 482 1013 movet.
523 938 594 1015 Fit
607 943 644 1014 in
662 941 835 1022 alterutro
844 947 937 1025 loco.

89 1051 149 1125 io:
173 1072 246 1125 uec
260 1049 376 1138 aluu,
394 1074 465 1127 uec
481 1053 629 1152 spiritus
643 1052 738 1129 iufra
753 1064 935 1137 naumis.

89 1164 240 1265 mperior
256 1188 340 1264 pars
356 1164 486 1241 affecta
501 1179 568 1254 est,
586 1168 701 1254 cibus,
729 1170 761 1243 si
776 1168 933 1261 inferior,

89 1300 124 1353 cr
148 1302 192 1353 os
217 1276 408 1370 redditur,
434 1279 465 1353 si
493 1279 708 1355 utrumlibet
732 1293 837 1357 vetus
869 1299 935 1361 est.

89 1390 214 1467 uicrrlo
230 1391 390 1466 vomitus
419 1390 577 1479 biliosus,
607 1392 693 1467 mali
722 1394 854 1483 odoris,
871 1410 936 1473 aut

89 1507 234 1601 luiger.
288 1504 509 1579 Remedium
525 1520 590 1593 est,
621 1508 936 1605 sanguiuemmit·

89 1617 338 1693 cucurbitulas
354 1618 517 1718 pluribus
532 1620 621 1696 locis
632 1621 838 1712 admovere,
857 1648 932 1700 nou

89 1746 122 1807 le
138 1733 278 1806 incisa:
305 1731 343 1805 id
361 1734 457 1806 enim
475 1732 617 1807 duobus
632 1735 824 1810 auttribus
838 1735 930 1813 locis

89 1869 133 1920 ex
162 1845 295 1918 ceteris
323 1845 487 1943 spiritum
516 1870 668 1921 evocare
695 1847 841 1923 abunde
857 1863 926 1927 est.

89 1958 289 2035 advertere
309 1970 462 2057 oportet,
493 1983 569 2057 quo
595 1958 677 2035 loco
700 1962 836 2037 malum
852 1964 924 2039 sit:

97 2085 228 2147 contra
238 2070 278 2144 id
291 2083 439 2147 tumere.
492 2070 704 2172 Etsisupra
714 2076 927 2151 umbilicum

89 2187 185 2261 uctio
200 2184 302 2259 utilis
329 2208 404 2259 non
426 2195 507 2259 est:
536 2186 566 2259 si
594 2182 690 2259 infra
714 2199 781 2275 est,
807 2186 929 2263 alvum

89 2294 324 2372 lErasistrato
340 2296 488 2396 placuit,
503 2297 681 2395 optimum
698 2311 780 2391 est;
798 2310 837 2375 et
850 2322 928 2375 sae·

89 2408 147 2484 ulii
173 2413 259 2485 satis
287 2422 352 2484 est.
403 2410 566 2485 Ducitur
592 2426 715 2487 autem
739 2410 926 2511 percolato

89 2547 233 2610 remote,
250 2547 336 2598 cum
352 2521 434 2598 oleo
462 2536 501 2599 et
524 2523 642 2614 melle,
672 2526 736 2612 sic,
764 2538 808 2602 ut
822 2550 925 2626 prae·

102 2637 305 2737 adjiciatur.
357 2636 395 2710 Si
412 2635 501 2710 nihil
518 2650 646 2727 mmet,
676 2638 768 2714 duas
791 2664 921 2715 manus
1024 2672 1027 2677 ⁴

89 2763 229 2849 oportet
252 2775 360 2849 supra
386 2774 565 2824 summum
594 2765 770 2836 ventrem,
799 2752 924 2848 paula·

89 2863 242 2938 lucere:
269 2864 472 2937 invenietur
489 2865 585 2937 enim
602 2862 689 2936 mali
717 2861 829 2950 locus,
858 2866 923 2962 qui

89 2978 334 3066 trenitatur3·
348 2987 387 3050 et
410 3000 456 3049 ex
485 3000 530 3050 eo
560 2976 750 3050 deliberari
778 2978 922 3074 poterit,

89 3112 219 3176 necne,
248 3087 349 3162 alvus
375 3090 430 3163 sit.
485 3087 554 3160 Illa
579 3087 787 3161 communia
811 3100 921 3162 sunt:

89 3201 283 3303 aplasmara
308 3201 512 3286 admovere,
543 3223 659 3297 eaque
687 3199 873 3298 imponere
901 3225 923 3275 a

89 3340 177 3415 sque
195 3315 242 3389 ad
259 3317 407 3414 inguina
423 3327 462 3388 et
478 3313 629 3412 spinam,
653 3334 697 3386 ac
719 3335 826 3413 saepe
842 3337 922 3389 mu·

89 3428 342 3527 :biacruraque
356 3426 573 3526 perfricare:
600 3424 789 3501 demittere
801 3438 919 3503 totum

89 3566 117 3616 u
134 3541 292 3617 calidum
310 3540 455 3616 oleum:
485 3539 514 3613 si
531 3537 636 3613 dolor
664 3561 740 3614 nou
751 3542 915 3639 quiescit,

89 3655 180 3732 lcum
199 3667 364 3754 exparte
380 3649 548 3728 inferiore
572 3670 645 3727 tres
670 3664 735 3727 aut
762 3666 918 3753 quatuor

89 3768 154 3843 lidi
170 3767 241 3843 olei
270 3767 366 3842 dare.
419 3764 494 3840 Ubi
523 3789 588 3864 per
616 3764 707 3840 haec
733 3771 921 3842 consecuti

89 3880 160 3981 jam
177 3904 223 3954 ex
242 3879 410 3954 inferiore
428 3891 528 3977 parte
545 3878 690 3976 spiritus
703 3880 921 3954 transmitto·

89 4019 97 4068 a
125 3995 230 4093 potui
257 3991 413 4066 mulsum
443 3989 607 4090 tepidum
634 4013 708 4064 non
737 3988 918 4064 multum:

89 4130 214 4205 magna
231 4131 319 4182 cura
336 4104 524 4181 vitandum
550 4115 615 4191 est,
639 4127 687 4177 ne
703 4102 793 4200 quid
809 4101 918 4181 bibat

89 4219 193 4294 orode
220 4220 337 4306 cessit,
366 4216 523 4316 adjicere
547 4217 792 4291 sorbitionem.
844 4215 919 4291 Ubi

89 4331 233 4407 bricula
261 4333 441 4429 quierunt,
472 4342 552 4405 turn
579 4328 727 4403 demum
754 4330 809 4404 uti
833 4330 916 4404 cibo

91 4445 154 4519 sed
185 4470 304 4543 neque
333 4444 492 4532 inflante,
522 4468 641 4541 neque
668 4442 771 4529 duro,
800 4466 918 4540 neque

92 4561 261 4637 intestina
277 4558 398 4632 ‘adhuc
408 4557 589 4633 imbecilla
601 4555 799 4631 laedantur.
852 4554 920 4628 Po-

90 4671 164 4760 ilril,
195 4687 446 4771 praeterquam
476 4695 604 4771 puram
629 4693 772 4768 aquam.
823 4666 920 4740 Nam

89 4784 305 4859 vinolentum
323 4787 398 4859 sive
415 4785 561 4860 acidum
586 4798 652 4871 est,
670 4782 708 4856 id
725 4781 812 4855 huic
828 4800 922 4850 mor·

392 4906 419 4958 u
