2858 5296
346 334 416 403 128
750 359 785 405 n.
804 354 916 407 corna
935 354 1040 407 curer

343 528 490 629 quidem
511 528 679 627 pertinet,
698 529 990 606 commodissima
1006 528 1098 604 baec
1111 530 1172 604 rat

344 641 455 717 dendi
477 653 598 718 autem
626 666 746 730 causa,
773 655 885 741 caput
914 640 1143 734 radeudum;

343 781 405 830 sca
420 753 621 832 fovendum
638 771 704 842 est,
727 758 765 830 in
785 781 858 856 qua
883 757 1017 844 laurus,
1043 767 1109 830 aut
1133 780 1171 829 ru

342 871 411 943 sit:
440 869 555 944 altero
571 869 631 943 die
648 869 913 967 imponendum
931 880 1147 956 castoreum,
1165 895 1171 942 r

342 995 447 1057 aceto
472 984 637 1068 contrita,
665 994 729 1056 aut
755 981 848 1056 lauri
875 983 1022 1069 baccae,
1053 996 1118 1056 aut
1145 978 1171 1054 h

342 1120 422 1169 rosa
439 1106 477 1170 et
501 1106 617 1169 aceto.
669 1092 943 1194 Praecipueque
972 1093 1126 1194 proficit,
1157 1117 1172 1168 ε

342 1207 494 1282 tandum
512 1207 709 1293 hominem,
726 1209 876 1282 naribus
888 1207 1090 1294 admotum,
1108 1218 1172 1281 etr

341 1322 461 1418 ipsum
479 1317 749 1418 depellendum,
769 1321 881 1418 capiti
892 1317 1051 1395 frontive
1068 1321 1172 1417 impu

340 1435 389 1532 pi.
440 1433 609 1507 Gestatio
625 1434 734 1508 etiarn
760 1435 798 1507 in
827 1434 898 1507 hoc
928 1433 1056 1507 morbo
1079 1429 1172 1531 prod

339 1570 471 1644 meque
487 1559 692 1645 opportune
709 1548 813 1621 cibus
830 1546 948 1634 datus,
969 1546 1010 1621 id
1029 1557 1097 1633 est,
1116 1547 1155 1619 in

339 1672 477 1759 quanta
494 1663 653 1734 maxima
669 1662 822 1735 inveniri
847 1662 992 1759 poterit
1045 1659 1173 1759 Aptiss

338 1776 488 1849 sorbitio
505 1785 571 1860 est,
592 1773 712 1847 donec
731 1774 877 1847 morbus
895 1773 1106 1848 decrescere
1122 1774 1173 1846 in<

340 1901 382 1962 ut
398 1891 427 1962 si
445 1886 607 1986 quotidie
624 1888 742 1983 gravis
759 1888 917 1960 accessio
942 1899 1008 1972 est,
1033 1885 1124 1959 haec
1150 1909 1176 1984 q

340 2014 423 2092 tur3
452 2008 482 2073 si
506 1999 663 2086 alternis,
695 2012 778 2098 post
804 2001 1019 2096 graviorem,
1047 1997 1173 2073 sorbiti

339 2115 488 2200 viorem‚
509 2111 624 2185 mulsa
640 2138 744 2210 aqua.
797 2113 936 2186 Vinum
962 2137 1109 2211 quoque
1134 2136 1174 2186 cu

177 2239 334 2302 Torporem
342 2229 417 2301 tivo
434 2227 517 2300 cibo
534 2224 660 2299 datum
679 2250 752 2298 non
770 2226 1002 2301 mediocriter
1019 2226 1175 2325 adjuvat

178 2307 267 2355 “hm''
342 2352 424 2437 post
441 2338 567 2436 longas
583 2337 702 2412 febres
719 2339 896 2437 ejusmodi
927 2353 1050 2437 torpor
1072 2361 1175 2413 acces

339 2454 467 2529 eadem
484 2453 661 2528 servanda
677 2466 783 2528 sunt:
811 2464 895 2527 ante
913 2454 1158 2527 accessionem

338 2568 406 2642 bus
424 2580 624 2666 quatuorve
642 2566 749 2652 hone,
769 2579 984 2651 castoreum,
1003 2567 1032 2638 si
1048 2577 1176 2639 venter

338 2698 403 2770 est,
423 2684 580 2757 mixtum
599 2706 682 2756 curn
701 2681 946 2771 scarnmonia3
975 2680 1004 2751 si
1023 2701 1096 2751 non
1115 2691 1176 2765 est

339 2821 419 2869 sum
437 2820 522 2870 curn
541 2821 635 2893 aqua
653 2793 814 2868 dandum
841 2804 905 2867 est.
957 2792 995 2864 Si
1026 2814 1177 2889 praecor

339 2921 435 2993 sunt,
459 2909 549 2981 cibis
566 2907 745 2982 utendum
763 2918 817 2981 est
834 2906 1077 3004 plenioribus;
1106 2906 1136 2978 si
1154 2902 1178 2977 d

340 3020 424 3091 dem
451 3021 706 3093 sorbitionibus
731 3018 1025 3110 subsistendum
1053 3020 1178 3116 impon

340 3120 570 3228 praecordiis
588 3131 687 3228 quod
705 3131 811 3203 simul
829 3145 866 3206 et
884 3134 1054 3230 reprimat
1070 3144 1108 3206 et
1124 3155 1179 3205 em

175 3253 299 3318 uyump..
390 3241 498 3315 XXI.
528 3241 601 3315 sed
619 3242 677 3316 hic
695 3242 843 3340 quidem
861 3261 990 3318 acutus
1008 3257 1063 3318 est
1080 3245 1179 3318 morb

334 3381 403 3452 gus
420 3381 506 3429 vero
535 3354 613 3428 fieri
637 3368 756 3452 potest
786 3380 922 3443 eorum,
956 3383 1046 3456 quos
1076 3382 1172 3455 aqua

333 3483 408 3542 tem
426 3469 519 3542 male
538 3469 672 3559 habet;
700 3469 767 3540 nisi
786 3470 909 3566 primis
936 3470 1064 3544 diebus
1096 3471 1180 3544 discr

333 3580 461 3681 ὕδρωπα
495 3582 630 3657 Graeci
664 3594 807 3655 vocant.
869 3583 996 3680 Atque
1026 3584 1103 3681 ejus
1138 3596 1181 3657 tn

333 3709 428 3771 sunt.
481 3696 577 3769 Nam
596 3695 717 3781 modo,
738 3708 864 3769 ventre
882 3697 1117 3771 vehementer
1133 3699 1182 3771 int

331 3809 397 3882 ber
413 3811 511 3882 intus
528 3834 573 3882 ex
591 3820 692 3880 motu
712 3810 858 3906 spiritus
883 3834 991 3882 sonus
1020 3823 1096 3884 est:
1122 3835 1182 3884 mo

330 3921 520 4018 inaequale
537 3935 602 4007 est,
623 3923 826 3995 tumoribus
844 3924 947 3996 aliter
964 3923 1140 4022 aliterque
1170 3947 1185 4021 p

331 4033 369 4106 id
396 4035 618 4107 orientibus:
644 4035 754 4107 modo
788 4037 886 4110 intus
919 4037 958 4108 in
992 4047 1137 4110 uterum
1167 4061 1184 4110 a

330 4146 495 4230 trahitur,
516 4158 555 4218 et
572 4146 682 4218 modo
707 4173 858 4245 corpore
884 4150 934 4221 ita
959 4162 1136 4235 movetur,
1165 4174 1186 4222 u

331 4259 408 4357 ejus
438 4258 599 4355 conspici
626 4260 749 4354 possit.
814 4261 974 4333 Primum
1003 4262 1186 4358 roprarr'rn

331 4374 430 4457 dum,
448 4374 756 4468 λευκοφλεγματίαν,
777 4373 834 4447 vel
853 4371 914 4445 rirrd
927 4377 1053 4471 σάςκατ
1075 4376 1185 4449 tertiu
