2858 5296
326 290 398 374 174
698 304 733 354 n.
752 304 864 357 couu.
882 301 989 357 conor

322 497 424 561 recte
441 478 621 583 quosdam
643 479 863 580 malagmata
875 478 1118 581 injiciuntor3
1143 498 1182 552 ιιι

323 621 379 682 eo,
395 620 492 696 quoe
509 593 654 669 humori
670 591 898 669 extrahendo
912 605 1010 667 sunt.
1113 632 1138 693 Ι

160 724 300 775 Intestino·
373 709 445 786 XI.
472 708 512 783 A
540 707 741 784 visceribus
770 706 818 782 sd
847 707 1017 782 intestina
1049 705 1182 781 venien

160 807 227 840 ’ω’
323 850 417 925 quae
434 833 522 899 sunt
537 823 710 898 etecutis
726 834 765 897 et
781 820 900 921 longis
922 819 1059 894 morbis
1075 818 1182 895 obno:

156 960 272 1012 curm
323 962 458 1039 moque
471 935 642 1012 faciendo
653 933 1062 1023 mentioestclrolerue3
1081 935 1171 1034 quin

322 1052 363 1127 id
379 1050 558 1128 stomachi
574 1064 686 1149 atque
702 1051 958 1123 intestinorum
972 1049 1100 1124 vitium
1112 1046 1183 1122 vid

322 1164 421 1241 Nam
452 1164 560 1239 simul
577 1178 616 1240 et
632 1163 791 1262 dejectio
817 1175 856 1237 et
871 1163 1030 1236 vomitus
1054 1172 1136 1238 ests
1161 1186 1183 1261 p

323 1277 414 1353 hoec
443 1276 584 1352 inflatio
608 1289 677 1364 est,
702 1276 875 1350 intestina
901 1286 1131 1372 torquentur,
1162 1274 1184 1350 h

322 1389 491 1489 infraque
508 1391 679 1488 erumpit,
702 1391 860 1488 primum
878 1412 995 1488 oquae
1020 1388 1161 1476 similis,

323 1504 364 1576 in
379 1526 424 1576 eo
442 1525 571 1577 recens
587 1527 675 1577 caro
693 1501 768 1577 lota
779 1527 858 1577 esse
875 1501 1052 1589 videatur,
1070 1498 1185 1575 interc'

323 1637 590 1715 nonnunquam
624 1616 741 1714 nigra,
778 1613 837 1689 vel
868 1614 975 1689 varia.
1027 1612 1129 1712 Ergo
1156 1636 1185 1689 e

323 1727 495 1803 morbum
523 1728 623 1804 hunc
647 1729 782 1828 χολίςαι
811 1726 949 1802 Graeci
976 1728 1186 1801 nominarut

322 1852 380 1917 ter
409 1866 454 1916 ea
469 1867 569 1932 vero,
599 1867 695 1942 quae
721 1866 831 1941 supra
860 1839 1124 1939 comprehenso
1146 1864 1186 1915 su

322 1954 434 2029 etiam
461 1981 569 2030 crura
601 1979 808 2053 manusque
836 1952 1114 2041 contrahuntur,
1150 1977 1187 2027 ur

323 2068 445 2140 anima
469 2068 618 2143 deficitz
646 2069 781 2166 quibus
808 2065 1123 2154 concurrentibus,
1148 2089 1188 2141 nt

324 2190 393 2266 est,
430 2182 460 2253 si
494 2179 617 2254 subito
652 2181 734 2278 quis
768 2181 934 2255 moritur.
991 2175 1126 2278 Neque
1159 2191 1189 2255 u

323 2291 453 2367 morbo
463 2292 594 2366 minori
607 2305 796 2368 momento
807 2294 1043 2368 succurritur.
1097 2293 1190 2370 Prot

323 2406 389 2481 ubi
406 2406 476 2481 ista
501 2419 715 2507 coeperunt,
738 2431 855 2506 aquae
872 2407 1019 2506 tepidae
1044 2431 1155 2506 quom
1184 2430 1190 2507 p

323 2519 452 2594 bibere
477 2532 635 2619 oportet,
663 2532 702 2595 et
725 2545 884 2594 vomere.
936 2519 1013 2595 Vix
1041 2544 1191 2619 unquau

324 2635 484 2708 vomitus
502 2635 690 2733 sequitur;
709 2634 774 2708 sed
788 2635 929 2709 etiamsi
947 2657 1021 2707 non
1039 2634 1183 2723 incidit,

324 2760 449 2822 tamen
463 2772 596 2822 novam
614 2749 803 2823 materiam
821 2760 1014 2846 corruptae
1031 2747 1184 2846 prodest

324 2862 488 2935 sanitatis
505 2874 572 2949 est,
591 2864 771 2937 vomitum
789 2887 868 2936 esse
887 2887 1133 2961 suppressum.
1188 2869 1193 2938 l

325 2971 391 3059 dit,
411 2975 578 3070 protinus
595 2976 640 3049 ab
660 2978 760 3050 omni
786 2977 935 3074 potione
953 2976 1194 3051 abstinendun

325 3102 414 3157 vero
440 3087 599 3158 tormina
624 3101 721 3174 sunt,
754 3101 899 3186 oportet
923 3086 1066 3188 frigidis
1093 3103 1131 3165 et
1155 3089 1195 3164 ht

326 3195 459 3268 mentis
471 3196 701 3270 stomachum
715 3198 858 3287 fovere3
873 3202 942 3289 vel,
952 3204 982 3275 si
992 3215 1119 3277 venter
1132 3202 1195 3278 dol

327 3305 490 3406 egelidis,
516 3310 580 3395 sic,
606 3321 649 3383 ut
666 3324 794 3386 venter
818 3314 896 3410 ipse
923 3315 1157 3390 mediocriter
1183 3341 1197 3392 ι

321 3419 484 3521 juvetur.
538 3421 652 3510 Quod
670 3424 699 3496 si
715 3423 951 3501 vehementer
968 3441 1007 3502 et
1024 3430 1197 3517 vomitus,

328 3536 391 3623 tio,
414 3546 453 3610 et
469 3535 546 3609 sitis
572 3547 720 3624 vexant,
752 3550 790 3611 et
806 3538 927 3613 adhuc
954 3540 1137 3617 subcruda
1161 3566 1198 3617 su

328 3660 538 3736 vomuntur,
551 3649 716 3723 nondum
730 3653 818 3725 vino
829 3664 1012 3726 maturum
1026 3669 1172 3753 tempus
1186 3679 1199 3731 ε

329 3784 451 3858 neque
469 3787 513 3837 ea
529 3764 608 3862 ipsa
623 3761 768 3862 frigida,
788 3765 852 3839 sed
869 3769 991 3865 potius
1009 3767 1152 3867 egelida
1169 3767 1200 3843 d

329 3872 675 3973 admovendumque
693 3879 840 3952 naribus
858 3892 914 3955 est
926 3880 1116 3980 pulegium
1128 3906 1201 3957 exa

328 3984 478 4084 polenta
489 3988 576 4060 vino
593 4013 748 4089 aspersa,
764 3991 823 4066 vel
836 3995 986 4069 mentha
998 3995 1202 4070 secundum

327 4110 392 4172 est.
446 4097 501 4172 At
519 4125 605 4174 cum
625 4101 786 4178 discussa
812 4106 973 4181 cruditas
991 4122 1059 4195 est,
1086 4122 1204 4183 tumn

360 4243 375 4273 ⁸
399 4236 499 4292 Confer
510 4238 673 4310 Ediodurqlr
685 4242 810 4297 Medicol
819 4247 877 4297 ond
889 4246 1149 4315 mrqtcatJoomat
1161 4264 1205 4303 xv.

326 4321 412 4375 formo
424 4321 541 4376 cholera
552 4331 699 4397 spontanee
712 4327 848 4397 Cosinto,
867 4329 958 4386 ludica
973 4332 1140 4389 Ssuvsorsro
1152 4339 1203 4401 est,

327 4405 443 4461 maxime
454 4406 568 4463 lethalis.
