2858 5296
741 200 796 212 ,.

282 275 413 292 n-ae..a

412 776 627 831 Mwlcmxn
645 780 720 831 nra.
739 783 796 835 ru.
1083 770 1153 852 117

117 968 168 1020 mo
181 948 358 1026 terb'o'die
372 976 501 1027 rursus
518 952 688 1035 balneum
706 958 863 1056 experiri
878 988 890 1049 ;
917 972 965 1049 et,
981 963 1010 1035 ri
1020 975 1149 1062 postea

113 1056 215 1135 febris
238 1066 396 1153 woessit,
428 1090 547 1165 aeque
575 1067 773 1167 perfricari,
806 1071 933 1145 vinum
966 1077 1149 1173 copiosius

114 1172 237 1251 bibere
283 1177 346 1254 Ac
361 1180 417 1253 sic
434 1181 643 1279 proximum
661 1194 727 1269 est,
747 1197 790 1257 ut
800 1184 903 1282 quies
919 1199 977 1259 tot
992 1186 1143 1275 dierum,

112 1290 368 1367 admocum
384 1317 472 1368 cum
490 1295 632 1382 ceteris,
661 1320 754 1394 quae
777 1299 1062 1396 praecipiuntur,
1094 1300 1145 1375 fe·

112 1401 196 1477 brem
221 1404 366 1481 tollant.
420 1406 459 1479 Si
476 1430 564 1480 vero
588 1406 821 1483 nihilominus
847 1423 1023 1499 remanet,
1050 1410 1303 1486 aliudvelanocu·

111 1540 144 1591 er
172 1532 250 1595 toto
283 1518 519 1618 requendum
554 1532 610 1594 est
642 1523 837 1596 curationis
861 1547 1005 1621 genus3
1042 1500 1313 1623 idquessssgffl,

110 1632 286 1728 mendum,
327 1645 384 1719 ut,
414 1631 514 1730 quod
541 1632 606 1705 diu
635 1635 887 1708 sustinendum
917 1654 984 1720 est,
1015 1632 1198 1735 corpus⁶²

109 1740 192 1821 teile
207 1746 408 1823 sustineat.
462 1745 549 1833 Quo
566 1747 685 1820 minus
701 1749 811 1822 etiam
838 1751 980 1824 curatio
1004 1749 1150 1848 probari

112 1854 304 1935 Heraclidis
322 1857 517 1933 Tarentini
538 1857 659 1946 debet,
691 1861 754 1958 qui
779 1863 902 1959 primis
928 1862 1057 1937 diebus
1082 1862 1148 1936 du-

115 1970 245 2047 oendam
273 1970 416 2057 alvum,
445 1971 577 2047 deiude
600 1973 856 2049 abstinendum
883 1977 921 2048 in
951 1978 1144 2076 septimum

120 2079 194 2157 lltm
208 2084 317 2159 dixit.
372 2084 496 2173 Quod,
523 2098 565 2159 ut
589 2087 766 2160 sustinere
791 2086 919 2187 aliquis
943 2092 1066 2187 possit,
1094 2102 1194 2191 tama
1207 2112 1280 2161 arec-

121 2216 198 2283 mn,
213 2200 319 2273 etiam
336 2196 443 2273 febre
459 2197 640 2286 liberatus,
670 2201 732 2273 vix
759 2196 948 2274 refectioni
978 2199 1117 2276 valebit
1131 2188 1313 2307 ·{},‘,'{¹,⁰,¹,¹,¹¹'‘⁰'

128 2306 207 2395 aleo,
227 2310 383 2386 rifebris
399 2314 541 2411 saepius
558 2314 760 2400 accesserit,
777 2313 971 2389 concidet.
1025 2312 1218 2413 Igiturdfflu·

129 2419 250 2499 iterun
265 2425 412 2501 decimo
422 2424 482 2499 die
495 2426 642 2499 morbus
655 2427 826 2514 manebit,
840 2427 1010 2503 balneum
1024 2453 1144 2527 neque

129 2548 189 2609 ute
201 2536 349 2627 febrem,
368 2563 489 2638 neque
506 2552 587 2638 post
605 2564 684 2613 eam
710 2541 925 2615 tentandum
952 2543 1048 2633 erit;
1077 2543 1160 2615 nisi-

129 2644 276 2725 interdum
288 2651 369 2751 jam
388 2651 536 2726 horrore
553 2652 735 2727 discusso:
759 2653 885 2728 horror
910 2656 987 2753 ipsc
1005 2680 1071 2753 per
1088 2678 1143 2740 ea,

129 2781 192 2855 quae
220 2790 330 2864 supra
365 2766 498 2864 scripta
532 2778 627 2853 sunt,
664 2767 941 2864 expugnandus.
993 2766 1142 2840 Deinde

129 2889 183 2965 post
194 2875 329 2952 febrem
348 2879 531 2978 oportebit
547 2880 646 2976 ungi,
667 2892 703 2953 et
716 2879 950 2954 vehementer
968 2878 1142 2976 perfrica-

128 2985 300 3075 1l3cibum
324 3003 364 3066 et
388 2991 558 3078 validum,
579 3004 632 3087 ¹et
656 2992 799 3065 fortiter
822 3014 1030 3081 assumere;
1058 2991 1144 3063 vino

129 3102 165 3171 lli
182 3118 350 3201 quantum
368 3104 516 3179 libebit:
543 3119 689 3204 postero
707 3104 777 3191 die,
794 3128 878 3177 cum
896 3103 981 3176 satis
998 3103 1142 3200 quieve-

129 3213 172 3298 rit,
187 3219 370 3306 ambulare,
390 3220 562 3306 exerceri,
583 3219 682 3313 ungi,
711 3214 898 3314 perfricari
918 3213 1070 3303 fortiter,
1098 3218 1146 3289 ci·

130 3320 199 3400 bum
213 3354 332 3431 capere
356 3333 434 3406 sine
458 3333 565 3407 vino:
594 3332 702 3405 tertio
731 3329 789 3402 die
813 3329 1005 3403 abstinere.
1059 3328 1146 3417 Quo

130 3436 176 3514 die
188 3467 264 3519 vero
278 3444 419 3520 febrem
437 3446 674 3545 exspectabit,
696 3455 780 3518 aute
806 3468 966 3542 surgere,
982 3456 1020 3518 et
1042 3468 1146 3518 exer-

129 3557 193 3643 ori,
209 3558 366 3658 dareque
399 3584 556 3658 operam,
585 3571 627 3633 ut
648 3560 685 3631 in
711 3559 825 3655 ipsam
849 3558 1146 3639 exercitationem

125 3664 212 3745 lebria
226 3685 371 3772 tempus
388 3674 573 3747 incurrat:
601 3673 651 3745 sic
670 3672 768 3746 enim
784 3694 891 3769 saepe
914 3670 976 3745 illa
999 3668 1147 3747 discuti·

123 3792 176 3855 br.
222 3786 322 3859 Arsi
340 3787 376 3858 in
395 3811 505 3885 opere
524 3786 727 3883 occupavit,
743 3798 820 3858 tum
839 3783 990 3858 demum
1005 3806 1045 3857 ae
1057 3784 1147 3859 reci·

124 3914 200 3989 ltere
248 3898 296 3972 In
322 3897 500 3997 ejusmodi
526 3897 735 3972 valetudine
759 3894 1027 3973 medicamenta
1052 3906 1159 3985 aunt.

123 4004 232 4099 deum,
249 4010 384 4098 frictio,
405 4012 629 4097 exercitatio,
650 4012 763 4097 cibus,
783 4010 920 4084 vinum.
972 4006 1011 4081 si
1022 4016 1161 4083 venter.

122 4118 293 4199 adstrictus
309 4137 378 4211 est,
393 4123 588 4198 solvendus
602 4136 666 4197 est
720 4123 792 4197 Sed
802 4122 892 4196 baec
905 4118 1012 4196 facile
1025 4116 1150 4195 validi.

120 4235 360 4311 oresfaciunt:
384 4238 413 4309 si
438 4236 665 4311 imbecillitas
693 4236 897 4334 occupavit,
930 4258 998 4332 pro
1014 4234 1150 4306 exerci-

116 4350 239 4424 tatione
256 4350 412 4449 gestatio
440 4364 518 4424 est:
550 4352 578 4424 si
607 4374 656 4423 ne
683 4348 777 4422 hanc
808 4347 954 4445 quidem
983 4346 1146 4431 sustinet,

114 4461 309 4537 adhibenda
326 4478 450 4538 tamen
473 4464 595 4540 frictio
614 4478 690 4538 est:
723 4464 753 4536 si
772 4461 860 4535 llaec
879 4484 1024 4560 quoque
1046 4459 1154 4531 vehe-

111 4600 206 4651 mens
222 4593 362 4664 onerat,
391 4579 486 4652 intra
502 4578 664 4676 quietem
684 4590 721 4651 et
740 4576 949 4650 unctionem
968 4586 1005 4646 ct
1031 4571 1155 4643 cibum

106 4690 302 4765 sistendum
329 4706 408 4781 est;
439 4691 631 4789 dandaque
650 4715 761 4790 opera
792 4702 857 4776 est,
876 4712 923 4760 nc
942 4710 1013 4783 qua
1039 4680 1159 4755 crudi-

104 4820 156 4879 tas
174 4806 211 4878 iu
230 4803 479 4903 quotidianam
493 4804 529 4878 id
545 4807 680 4880 molum
696 4817 821 4879 vertat.
877 4800 971 4875 Nam
985 4806 1160 4895 quartana
