2858 5296
341 341 392 421 70
715 358 750 405 a.
770 356 882 406 coux.
902 348 1007 406 crtsr

343 531 604 606 Communium
623 528 856 606 Auxiliorum
874 530 1065 629 inscripsit,
1093 541 1146 618 ut,
1174 553 1196 606 c

342 644 486 717 tantum
495 640 634 717 faceret
643 644 883 735 mentionem;
901 640 1022 742 hujus,
1036 653 1075 717 et
1086 667 1195 741 aquas

342 755 473 843 tionis3
492 767 613 831 tamen
631 757 826 829 maximam
843 769 983 854 partem
998 756 1039 828 in
1056 754 1126 830 hac
1143 780 1194 831 cot

342 866 503 967 Oportet
518 883 642 944 autem
659 893 779 968 neque
796 870 1017 943 recentiores
1041 869 1137 942 viros
1165 869 1193 943 ir

344 981 441 1069 dare,
461 1007 554 1081 quae
572 982 629 1056 vel
647 992 872 1080 repererunt,
892 979 951 1056 vel
967 992 1068 1056 recte
1085 985 1192 1057 secut

344 1106 467 1171 tamen
484 1120 539 1180 ea,
556 1119 650 1195 quae
663 1095 762 1193 apud
774 1095 997 1192 antiquiores
1010 1093 1191 1194 aliquosp

344 1209 553 1283 auctoribus
587 1209 662 1282 suis
696 1207 860 1282 reddere.
912 1207 1046 1306 Neque
1077 1206 1191 1282 dubis

345 1323 435 1421 quin
451 1320 559 1396 latius
575 1320 737 1420 quidem,
754 1335 793 1396 et
809 1320 1017 1407 dilucidius,
1050 1321 1115 1395 ubi
1143 1330 1182 1395 et

344 1433 513 1509 frictione
543 1434 722 1509 utendum
748 1444 853 1521 esset,
881 1432 1120 1532 Asclepiades
1145 1456 1189 1532 pr

344 1546 435 1620 nihil
453 1559 575 1622 tamen
592 1549 776 1647 repererit,
797 1546 897 1645 quod
915 1571 989 1621 nou
1007 1571 1029 1619 a
1052 1546 1188 1621 vetusti

344 1670 424 1734 tore
444 1659 671 1761 Hippocrate
700 1662 827 1760 paucis
856 1657 975 1734 verbis
1004 1658 1188 1758 compreht

345 1772 410 1871 qui
427 1772 532 1860 dixit,
551 1773 731 1860 frictione,
751 1775 781 1847 si
798 1773 995 1847 vehemens
1013 1773 1070 1860 sit,
1102 1771 1187 1848 dura

346 1884 495 1975 silenis,
518 1887 675 1975 molliri,
702 1888 732 1960 si
760 1886 887 1972 multa,
919 1886 1060 1974 minui;
1087 1887 1118 1960 si
1148 1910 1185 1958 m

252 1997 255 2001 ’
345 1997 448 2098 pleri.
502 1999 673 2097 Sequitur
690 2024 790 2098 ergo,
805 2012 848 2074 ut
861 2010 941 2073 tum
959 1998 1139 2073 utendum
1152 1999 1186 2073 sit

346 2110 648 2208 adstringendum
665 2136 797 2211 corpus
815 2113 871 2199 sit,
891 2111 992 2210 quod
1010 2111 1122 2187 hebes
1131 2123 1185 2187 est

346 2222 521 2309 liendum,
555 2223 657 2324 quod
685 2225 872 2310 induruit3
901 2238 966 2298 aut
995 2224 1185 2322 digerendi

346 2337 448 2435 quod
465 2337 570 2431 copia
586 2349 719 2424 nocet3
750 2351 815 2411 aut
831 2336 1004 2410 alendum
1031 2336 1081 2424 id,
1111 2361 1184 2435 quo

347 2447 530 2523 infirmum
547 2462 613 2525 est.
665 2449 768 2537 Quas
797 2462 921 2523 tamen
948 2450 1088 2548 species
1115 2450 1145 2523 si
1172 2472 1184 2546 t

347 2565 422 2639 sius
438 2567 615 2654 aestimet,
634 2563 735 2664 qnod
745 2563 824 2664 jam
841 2563 888 2636 ad
906 2562 1092 2637 medicum
1121 2585 1183 2636 nor

348 2675 455 2751 facile
472 2679 663 2777 intelliget,
684 2701 809 2752 omnes
833 2700 880 2750 ex
899 2701 972 2749 nna
989 2701 1098 2750 causa
1115 2700 1183 2774 pen

349 2788 474 2865 demit.
526 2791 623 2865 Nam
658 2803 697 2866 et
730 2791 966 2888 adstringitur
999 2788 1148 2886 aliquid,

349 2902 449 2999 quod
475 2903 741 3002 interpositum,
773 2917 816 2979 ut
845 2903 883 2976 id
915 2902 1108 2988 laxaretur,
1138 2901 1182 2976 eli

348 3012 519 3100 mollitur,
555 3040 600 3088 eo
629 3016 805 3102 detracto,
838 3016 938 3112 quod
968 3016 1137 3090 duritiem
1167 3040 1182 3090 r

347 3125 529 3222 impletur,
547 3148 621 3199 non
638 3128 716 3223 ipsa
732 3126 911 3212 frictione,
930 3127 994 3200 sed
1011 3154 1056 3202 eo
1073 3127 1167 3215 cibo,

348 3261 464 3334 usque
483 3236 530 3311 ad
547 3251 683 3325 cutem,
703 3238 906 3336 digestione
923 3241 1081 3339 quadam
1098 3240 1181 3315 relat

347 3359 478 3424 netrat
529 3350 766 3424 Diversarum
783 3376 870 3424 vero
887 3376 1009 3426 rerum
1026 3356 1064 3427 in
1077 3353 1181 3429 modo

350 3466 453 3541 Inter
469 3467 681 3541 unctionem
698 3478 820 3540 antem
839 3478 876 3540 et
893 3465 1100 3543 frictionem
1117 3491 1181 3541 mu

347 3592 414 3655 est.
478 3579 579 3678 Ungi
612 3581 721 3666 enim,
764 3579 966 3677 leniterque
1008 3593 1181 3679 pertracta

347 3693 457 3767 etiam
473 3695 511 3767 in
528 3693 644 3768 acutis
661 3706 699 3768 et
715 3694 922 3767 recentibus
939 3693 1073 3767 morbis
1099 3720 1182 3792 opor

347 3807 517 3880 missione
533 3820 668 3894 tamen,
687 3817 725 3881 et
736 3817 821 3880 ante
835 3806 982 3880 cibum:
1007 3805 1118 3906 longa
1128 3832 1181 3881 ver

347 3918 412 4001 uti,
432 3941 552 4015 neque
580 3919 619 3991 in
648 3921 764 3993 acutis
791 3919 937 4004 morbis,
963 3943 1084 4018 neque
1111 3921 1181 3995 incr

347 4031 543 4116 convenit3
575 4043 828 4129 praeterquam
846 4056 931 4105 cum
949 4031 1171 4129 phreneticis

349 4141 545 4239 quaeritur.
596 4142 712 4217 Amat
745 4156 867 4216 autem
901 4143 971 4218 hoc
1009 4145 1181 4219 auxilium

348 4252 468 4352 longa,
499 4254 635 4354 etjam
665 4281 687 4329 a
713 4257 830 4355 primo
859 4258 998 4354 impetu
1027 4259 1181 4334 inclinat

348 4370 487 4466 ignoro,
505 4366 681 4465 quosdam
695 4368 828 4456 dicere,
845 4394 952 4442 omne
963 4370 1139 4443 auxilium
1153 4398 1182 4445 n

348 4505 427 4555 esse
444 4480 730 4559 increscentibus
747 4482 893 4570 morbis,
906 4506 1077 4559 noricum
1088 4482 1167 4582 jam
