2858 5296
445 712 660 767 usurcrnns
677 714 753 764 ura.
772 716 822 764 ιν.
1093 702 1158 767 151

119 887 163 967 lis
179 895 336 969 tinctam
349 892 470 967 lanam
496 888 684 965 succidam
703 892 903 989 imponere,
929 890 1043 966 aliave
1060 893 1162 967 refri-

106 1006 281 1103 gemnfia
304 1002 570 1103 cataplasmata.
622 1000 677 1077 At
701 1004 732 1077 si
757 1002 873 1100 frigus
898 1005 1034 1093 nocuit,
1050 1018 1162 1106 caput

108 1128 262 1218 oportet
283 1116 502 1217 perfimdere
531 1140 627 1214 aqua
655 1113 774 1189 calida
801 1117 948 1201 marina,
978 1117 1037 1191 vel
1061 1132 1161 1194 certe

110 1228 219 1317 selae,
243 1242 307 1305 eut
330 1230 370 1305 in
400 1254 477 1328 qua
506 1227 630 1303 laurus
659 1228 813 1303 decocta
839 1230 911 1303 sit:
941 1242 1021 1303 tum
1051 1245 1162 1330 eaput

113 1343 346 1421 vehementer
368 1340 594 1442 perfricare3
620 1341 754 1416 deinde
771 1341 892 1416 calido
914 1343 997 1417 oleo
1014 1344 1163 1443 implere

113 1470 154 1531 et
168 1470 263 1531 veste
277 1456 413 1531 velare.
466 1452 628 1541 Quidam
646 1455 755 1529 etiam
780 1454 820 1529 id
836 1455 1077 1546 devinciunt3
1103 1455 1164 1531 alii

118 1568 350 1645 ceruicalibus
362 1568 664 1666 vestimentisque
677 1579 839 1655 onerant,
854 1570 957 1643 etsie
970 1570 1161 1662 levantur;

110 1681 194 1757 alios
218 1682 345 1757 calida
374 1679 635 1780 cataplasmata
660 1679 845 1782 adjurant,
909 1681 1010 1780 Ergo
1039 1683 1162 1770 etiarn,

112 1796 170 1870 ubi
182 1820 296 1871 carue
311 1792 509 1892 incognita
515 1806 582 1880 est,
597 1793 721 1868 videre
738 1806 892 1894 oportet,
912 1795 1164 1895 refrigerantia
1171 1817 1210 1864 nx
1220 1829 1294 1865 aun

115 1910 230 2009 uagis,
252 1932 304 1983 an
322 1906 580 1983 calefacientia
602 1892 752 1995 leniant,
778 1920 817 1981 et
832 1909 875 1983 iis
894 1910 960 1994 uti,
986 1935 1081 2008 quae
1097 1883 1303 1984 εις-’ΜΨ

118 2024 357 2121 perimentum
372 2021 594 2120 approbarit.
646 2020 702 2095 At
718 2022 749 2094 si
765 2045 893 2119 parum
907 2047 1015 2095 causa
1031 2022 1167 2097 discer-

123 2136 227 2223 nitur,
241 2132 470 2235 perfimdere
486 2148 609 2232 caput,
636 2135 794 2231 primum
814 2158 910 2231 aqna
925 2133 1054 2221 calida,
1074 2137 1168 2210 sicut

128 2270 231 2345 supra
243 2258 481 2346 praeceptum
498 2263 569 2333 est,
587 2246 644 2319 vel
662 2244 765 2331 salsa,
778 2244 837 2319 vel
853 2271 901 2320 ex
918 2246 1021 2321 lauro
1037 2246 1168 2322 decoo-

129 2370 184 2447 ta;
202 2368 281 2433 trun
296 2356 431 2458 frigida
445 2382 568 2457 posca
621 2356 691 2431 Illa
707 2359 745 2431 in
763 2360 864 2433 omni
882 2371 1025 2435 vetusto
1041 2361 1170 2461 capitis

125 2468 247 2547 doloee
256 2471 470 2547 eommunia
480 2482 587 2560 sunt3
602 2484 887 2547 sternutamenta
896 2474 1067 2561 excitare,
1080 2471 1173 2547 infe-

124 2585 229 2661 riores
243 2599 369 2685 partes
387 2583 625 2659 vehementer
641 2584 846 2683 perfricare,
873 2589 1100 2686 gargarizare
1117 2588 1173 2673 iis,

122 2722 210 2798 quae
236 2697 392 2772 salivam
418 2709 578 2784 movent,
611 2698 858 2773 cucurbitulas
882 2700 1109 2799 temporibus
1135 2711 1175 2774 et

123 2813 294 2912 occipitio
305 2808 515 2897 admovere,
528 2812 740 2907 sanguinem
751 2837 797 2886 ex
812 2813 959 2885 naribus
970 2811 1174 2897 detrahere,

122 2927 237 3001 resina
253 2923 415 2999 subinde
432 2936 595 3022 tempora
613 2924 824 3021 pervellere,
843 2936 882 2998 et
894 2925 1066 3020 imposito
1084 2923 1178 2995 eina-

123 3041 159 3137 pi
172 3039 392 3113 exulcerare
416 3061 471 3121 ea,
499 3061 592 3135 quae
620 3036 714 3111 male
738 3036 885 3121 habent,
918 3047 1004 3107 ante
1030 3032 1179 3108 linteolo

128 3152 302 3250 subjecto,
331 3173 379 3223 ne
396 3148 630 3223 vehementer
651 3148 824 3233 arrodat3
852 3145 1092 3220 candentibus
1108 3144 1178 3219 fer-

133 3266 308 3352 ramentis,
346 3263 410 3336 ubi
438 3260 542 3336 dolor
575 3275 642 3349 est,
663 3259 804 3363 ‘ulcera
833 3259 1018 3345 excitare3
1054 3258 1175 3332 cibum

136 3376 383 3476 permodicum
400 3400 485 3450 cum
502 3401 599 3474 aqua
615 3397 784 3448 sumere:
809 3373 873 3446 ubi
889 3371 1030 3446 levatus
1047 3386 1102 3448 est
1115 3372 1179 3447 do·

135 3488 194 3579 lor,
218 3491 259 3565 in
281 3490 456 3565 balneum
481 3490 546 3574 ire,
571 3489 621 3562 ibi
647 3486 762 3560 multa
786 3512 892 3586 aqua,
923 3488 1024 3585 prius
1049 3486 1177 3573 calida,

138 3600 263 3679 deinde
280 3601 418 3702 frigida
440 3626 506 3701 per
522 3613 633 3700 caput
657 3599 853 3699 perfirndi:
886 3601 915 3673 si
933 3600 1115 3675 discussus
1132 3625 1182 3674 ex

73 3760 75 3779 2
138 3726 209 3792 toto
234 3714 344 3791 dolor
360 3728 426 3799 est,
451 3716 560 3788 etiam
578 3713 624 3787 ad
642 3714 767 3787 vinum
794 3715 949 3801 reverti3
977 3715 1041 3788 sed
1058 3728 1185 3812 postea

73 3826 75 3841 '
144 3850 286 3930 suuper,
319 3842 515 3927 antequam
534 3827 733 3927 quidquam
759 3827 871 3914 aliud,
899 3852 1031 3925 aquam
1048 3828 1184 3900 bibere.

77 4036 80 4041 Ι
146 3938 323 4017 llimirnile
352 3954 409 4017 est
437 3941 477 4015 id
500 3965 628 4040 genus,
660 3939 761 4038 quod
791 3939 982 4013 humorem
1007 3939 1046 4011 in
1077 3950 1189 4036 caput

73 4032 80 4185 Ι
151 4055 330 4131 anemis.
383 4054 430 4128 ln
456 4053 525 4129 hoc
553 4052 697 4128 tonderi
721 4052 769 4126 ad
794 4066 918 4127 cutem
945 4052 1187 4125 necessarium

73 4200 79 4297 Ι
153 4178 219 4255 ert3
248 4167 384 4242 deinde
410 4168 597 4266 imponere
615 4166 741 4264 sinapi,
768 4166 831 4251 sic,
859 4176 903 4237 ut
920 4161 1132 4239 exulceret:
1160 4165 1190 4236 si

155 4276 325 4379 idparum
341 4278 489 4374 profuit,
508 4278 682 4377 scalpello
699 4278 879 4351 utendum
898 4288 966 4351 est.
1018 4275 1087 4351 Illa
1104 4299 1190 4349 cum

155 4390 349 4494 hydropicis
367 4396 576 4469 communia
595 4407 692 4480 sunt,
721 4405 763 4465 ut
779 4406 1003 4478 exerceatur,
1030 4388 1187 4474 insudet,

158 4506 376 4582 vehementer
400 4506 627 4606 perfricetur,
654 4506 745 4580 cibis
762 4506 1043 4602 potionibusque
1069 4513 1193 4575 utatur

160 4620 283 4695 urinam
300 4622 498 4720 praecipue
516 4621 757 4696 moventibus.
