<?xml version="1.0" encoding="UTF-8"?>
<!DOCTYPE html PUBLIC "-//W3C//DTD XHTML 1.0 Transitional//EN"
    "http://www.w3.org/TR/xhtml1/DTD/xhtml1-transitional.dtd">
<html xmlns="http://www.w3.org/1999/xhtml" xml:lang="en" lang="en">
 <head>
  <title>
</title>
<meta http-equiv="Content-Type" content="text/html;charset=utf-8" />
  <meta name='ocr-system' content='tesseract 3.04.00' />
  <meta name='ocr-capabilities' content='ocr_page ocr_carea ocr_par ocr_line ocrx_word'/>
</head>
<body>
  <div class='ocr_page' id='page_1' title='image "acorncelsimedic00targgoog_0084.png"; bbox 0 0 2858 5296; ppageno 0'>
   <div class='ocr_carea' id='block_1_1' title="bbox 311 362 1043 432">
    <p class='ocr_par' dir='ltr' id='par_1_1' title="bbox 311 362 1043 432">
     <span class='ocr_line' id='line_1_1' title="bbox 311 362 1043 432; baseline 0.003 -2"><span class='ocrx_word' id='word_1_1' title='bbox 311 362 362 432; x_wconf 83' lang='lat'><strong>50</strong></span> <span class='ocrx_word' id='word_1_2' title='bbox 687 381 723 431; x_wconf 74' lang='lat' dir='ltr'><strong>A.</strong></span> <span class='ocrx_word' id='word_1_3' title='bbox 743 379 855 431; x_wconf 79' lang='lat' dir='ltr'><strong>corn.</strong></span> <span class='ocrx_word' id='word_1_4' title='bbox 874 379 979 432; x_wconf 82' lang='lat' dir='ltr'><strong>cntsr</strong></span> <span class='ocrx_word' id='word_1_5' title='bbox 1041 401 1043 404; x_wconf 16' lang='grc' dir='ltr'><strong><em>Δ</em></strong></span> 
     </span>
    </p>
   </div>
   <div class='ocr_carea' id='block_1_2' title="bbox 201 548 1192 882">
    <p class='ocr_par' dir='ltr' id='par_1_2' title="bbox 201 548 1192 882">
     <span class='ocr_line' id='line_1_2' title="bbox 201 548 1192 656; baseline -0.002 -26"><span class='ocrx_word' id='word_1_6' title='bbox 201 548 207 560; x_wconf 80' lang='lat'>&#39;</span> <span class='ocrx_word' id='word_1_7' title='bbox 314 554 476 641; x_wconf 88' lang='lat' dir='ltr'><strong>accessit,</strong></span> <span class='ocrx_word' id='word_1_8' title='bbox 495 556 764 654; x_wconf 88' lang='lat' dir='ltr'><strong>suppurationis</strong></span> <span class='ocrx_word' id='word_1_9' title='bbox 776 580 822 631; x_wconf 90' lang='lat' dir='ltr'><strong>eo</strong></span> <span class='ocrx_word' id='word_1_10' title='bbox 838 555 921 631; x_wconf 88' lang='lat' dir='ltr'><strong>loco</strong></span> <span class='ocrx_word' id='word_1_11' title='bbox 937 554 1141 656; x_wconf 84' lang='lat' dir='ltr'><strong>periculum</strong></span> <span class='ocrx_word' id='word_1_12' title='bbox 1158 574 1192 629; x_wconf 84' lang='lat' dir='ltr'><strong>er</strong></span> 
     </span>
     <span class='ocr_line' id='line_1_3' title="bbox 315 665 1191 768; baseline 0.003 -26"><span class='ocrx_word' id='word_1_13' title='bbox 315 669 477 742; x_wconf 85' lang='lat' dir='ltr'><strong>bussina</strong></span> <span class='ocrx_word' id='word_1_14' title='bbox 494 666 595 742; x_wconf 84' lang='lat' dir='ltr'><strong>febre</strong></span> <span class='ocrx_word' id='word_1_15' title='bbox 612 667 734 766; x_wconf 86' lang='lat' dir='ltr'><strong>aliqua</strong></span> <span class='ocrx_word' id='word_1_16' title='bbox 749 680 852 768; x_wconf 88' lang='lat' dir='ltr'><strong>parte</strong></span> <span class='ocrx_word' id='word_1_17' title='bbox 870 668 986 757; x_wconf 91' lang='lat' dir='ltr'><strong>dolor,</strong></span> <span class='ocrx_word' id='word_1_18' title='bbox 1012 679 1077 742; x_wconf 89' lang='lat' dir='ltr'><strong>aut</strong></span> <span class='ocrx_word' id='word_1_19' title='bbox 1093 665 1191 766; x_wconf 78' lang='lat' dir='ltr'><strong>prun·</strong></span> 
     </span>
     <span class='ocr_line' id='line_1_4' title="bbox 317 780 1188 882; baseline 0.003 -26"><span class='ocrx_word' id='word_1_20' title='bbox 317 781 450 856; x_wconf 88' lang='lat' dir='ltr'><strong>rubore</strong></span> <span class='ocrx_word' id='word_1_21' title='bbox 476 794 514 855; x_wconf 91' lang='lat' dir='ltr'><strong>et</strong></span> <span class='ocrx_word' id='word_1_22' title='bbox 538 780 658 856; x_wconf 88' lang='lat' dir='ltr'><strong>calore</strong></span> <span class='ocrx_word' id='word_1_23' title='bbox 684 795 750 869; x_wconf 90' lang='lat' dir='ltr'><strong>est,</strong></span> <span class='ocrx_word' id='word_1_24' title='bbox 777 783 828 856; x_wconf 93' lang='lat' dir='ltr'><strong>ibi</strong></span> <span class='ocrx_word' id='word_1_25' title='bbox 852 781 990 882; x_wconf 86' lang='lat' dir='ltr'><strong>aliquid</strong></span> <span class='ocrx_word' id='word_1_26' title='bbox 1014 793 1188 880; x_wconf 80' lang='lat' dir='ltr'><strong>suppurat</strong></span> 
     </span>
    </p>
   </div>
   <div class='ocr_carea' id='block_1_3' title="bbox 153 892 1187 4488">
    <p class='ocr_par' dir='ltr' id='par_1_3' title="bbox 319 892 1187 1205">
     <span class='ocr_line' id='line_1_5' title="bbox 319 892 1187 994; baseline -0.002 -26"><span class='ocrx_word' id='word_1_27' title='bbox 319 918 477 993; x_wconf 91' lang='lat' dir='ltr'><strong>quoque,</strong></span> <span class='ocrx_word' id='word_1_28' title='bbox 504 919 598 993; x_wconf 88' lang='lat' dir='ltr'><strong>quae</strong></span> <span class='ocrx_word' id='word_1_29' title='bbox 625 896 663 968; x_wconf 93' lang='lat' dir='ltr'><strong>in</strong></span> <span class='ocrx_word' id='word_1_30' title='bbox 692 893 839 970; x_wconf 88' lang='lat' dir='ltr'><strong>homine</strong></span> <span class='ocrx_word' id='word_1_31' title='bbox 864 920 952 969; x_wconf 87' lang='lat' dir='ltr'><strong>sano</strong></span> <span class='ocrx_word' id='word_1_32' title='bbox 978 917 1105 994; x_wconf 89' lang='lat' dir='ltr'><strong>parum</strong></span> <span class='ocrx_word' id='word_1_33' title='bbox 1134 892 1187 993; x_wconf 85' lang='lat' dir='ltr'><strong>liq</strong></span> 
     </span>
     <span class='ocr_line' id='line_1_6' title="bbox 319 1006 1185 1106; baseline 0.005 -24"><span class='ocrx_word' id='word_1_34' title='bbox 319 1008 416 1082; x_wconf 87' lang='lat' dir='ltr'><strong>circa</strong></span> <span class='ocrx_word' id='word_1_35' title='bbox 450 1032 555 1082; x_wconf 89' lang='lat' dir='ltr'><strong>aures</strong></span> <span class='ocrx_word' id='word_1_36' title='bbox 583 1006 745 1082; x_wconf 88' lang='lat' dir='ltr'><strong>futuram</strong></span> <span class='ocrx_word' id='word_1_37' title='bbox 779 1008 937 1106; x_wconf 82' lang='lat' dir='ltr'><strong>aliquam</strong></span> <span class='ocrx_word' id='word_1_38' title='bbox 971 1006 1185 1106; x_wconf 66' lang='lat' dir='ltr'><strong>suppuratio</strong></span> 
     </span>
     <span class='ocr_line' id='line_1_7' title="bbox 319 1121 522 1205; baseline -0.01 -9"><span class='ocrx_word' id='word_1_39' title='bbox 319 1121 522 1205; x_wconf 85' lang='lat' dir='ltr'><strong>denuntiat.</strong></span> 
     </span>
    </p>

    <p class='ocr_par' dir='ltr' id='par_1_4' title="bbox 153 1229 1182 1359">
     <span class='ocr_line' id='line_1_8' title="bbox 153 1229 1182 1359; baseline -0.006 -49"><span class='ocrx_word' id='word_1_40' title='bbox 153 1240 288 1359; x_wconf 52' lang='lat' dir='ltr'><strong>Sim-effi</strong></span> <span class='ocrx_word' id='word_1_41' title='bbox 371 1235 477 1310; x_wconf 88' lang='lat' dir='ltr'><strong>Haec</strong></span> <span class='ocrx_word' id='word_1_42' title='bbox 493 1258 591 1320; x_wconf 89' lang='lat' dir='ltr'><strong>vero,</strong></span> <span class='ocrx_word' id='word_1_43' title='bbox 610 1258 696 1308; x_wconf 87' lang='lat' dir='ltr'><strong>cum</strong></span> <span class='ocrx_word' id='word_1_44' title='bbox 714 1234 791 1307; x_wconf 88' lang='lat' dir='ltr'><strong>sine</strong></span> <span class='ocrx_word' id='word_1_45' title='bbox 808 1231 911 1308; x_wconf 87' lang='lat' dir='ltr'><strong>febre</strong></span> <span class='ocrx_word' id='word_1_46' title='bbox 928 1257 1075 1331; x_wconf 89' lang='lat' dir='ltr'><strong>quoque</strong></span> <span class='ocrx_word' id='word_1_47' title='bbox 1093 1229 1182 1306; x_wconf 88' lang='lat' dir='ltr'><strong>vell</strong></span> 
     </span>
    </p>

    <p class='ocr_par' dir='ltr' id='par_1_5' title="bbox 153 1342 1181 4488">
     <span class='ocr_line' id='line_1_9' title="bbox 153 1342 1181 1442; baseline -0.007 -17"><span class='ocrx_word' id='word_1_48' title='bbox 153 1375 307 1442; x_wconf 65' lang='lat' dir='ltr'><strong>argunnae.</strong></span> <span class='ocrx_word' id='word_1_49' title='bbox 317 1347 374 1422; x_wconf 90' lang='lat' dir='ltr'><strong>vel</strong></span> <span class='ocrx_word' id='word_1_50' title='bbox 393 1347 597 1423; x_wconf 90' lang='lat' dir='ltr'><strong>futurarum</strong></span> <span class='ocrx_word' id='word_1_51' title='bbox 623 1371 745 1419; x_wconf 91' lang='lat' dir='ltr'><strong>rerum</strong></span> <span class='ocrx_word' id='word_1_52' title='bbox 763 1358 867 1420; x_wconf 86' lang='lat' dir='ltr'><strong>notas</strong></span> <span class='ocrx_word' id='word_1_53' title='bbox 892 1345 1059 1433; x_wconf 84' lang='lat' dir='ltr'><strong>habeant,</strong></span> <span class='ocrx_word' id='word_1_54' title='bbox 1084 1342 1181 1419; x_wconf 83' lang='lat' dir='ltr'><strong>mult</strong></span> 
     </span>
     <span class='ocr_line' id='line_1_10' title="bbox 318 1456 1179 1556; baseline -0.003 -22"><span class='ocrx_word' id='word_1_55' title='bbox 318 1472 414 1547; x_wconf 93' lang='lat' dir='ltr'><strong>sunt,</strong></span> <span class='ocrx_word' id='word_1_56' title='bbox 434 1459 497 1533; x_wconf 91' lang='lat' dir='ltr'><strong>ubi</strong></span> <span class='ocrx_word' id='word_1_57' title='bbox 513 1457 623 1533; x_wconf 89' lang='lat' dir='ltr'><strong>febris</strong></span> <span class='ocrx_word' id='word_1_58' title='bbox 641 1460 818 1550; x_wconf 89' lang='lat' dir='ltr'><strong>accessit;</strong></span> <span class='ocrx_word' id='word_1_59' title='bbox 845 1471 955 1556; x_wconf 88' lang='lat' dir='ltr'><strong>atque</strong></span> <span class='ocrx_word' id='word_1_60' title='bbox 981 1459 1090 1532; x_wconf 87' lang='lat' dir='ltr'><strong>etiam</strong></span> <span class='ocrx_word' id='word_1_61' title='bbox 1110 1456 1179 1531; x_wconf 93' lang='lat' dir='ltr'><strong>alio</strong></span> 
     </span>
     <span class='ocr_line' id='line_1_11' title="bbox 318 1570 1178 1670; baseline -0.005 -24"><span class='ocrx_word' id='word_1_62' title='bbox 318 1573 448 1647; x_wconf 90' lang='lat' dir='ltr'><strong>borum</strong></span> <span class='ocrx_word' id='word_1_63' title='bbox 467 1584 546 1647; x_wconf 90' lang='lat' dir='ltr'><strong>turn</strong></span> <span class='ocrx_word' id='word_1_64' title='bbox 564 1573 667 1670; x_wconf 88' lang='lat' dir='ltr'><strong>signa</strong></span> <span class='ocrx_word' id='word_1_65' title='bbox 685 1584 895 1645; x_wconf 88' lang='lat' dir='ltr'><strong>nascuntur.</strong></span> <span class='ocrx_word' id='word_1_66' title='bbox 940 1570 1039 1669; x_wconf 86' lang='lat' dir='ltr'><strong>Ergo</strong></span> <span class='ocrx_word' id='word_1_67' title='bbox 1053 1571 1178 1669; x_wconf 88' lang='lat' dir='ltr'><strong>protim</strong></span> 
     </span>
     <span class='ocr_line' id='line_1_12' title="bbox 319 1684 1176 1783; baseline -0.005 -23"><span class='ocrx_word' id='word_1_68' title='bbox 319 1685 482 1761; x_wconf 88' lang='lat' dir='ltr'><strong>timenda</strong></span> <span class='ocrx_word' id='word_1_69' title='bbox 499 1696 564 1772; x_wconf 90' lang='lat' dir='ltr'><strong>est,</strong></span> <span class='ocrx_word' id='word_1_70' title='bbox 584 1685 648 1758; x_wconf 93' lang='lat' dir='ltr'><strong>ubi</strong></span> <span class='ocrx_word' id='word_1_71' title='bbox 665 1684 869 1782; x_wconf 84' lang='lat' dir='ltr'><strong>expeditior</strong></span> <span class='ocrx_word' id='word_1_72' title='bbox 886 1684 1049 1783; x_wconf 89' lang='lat' dir='ltr'><strong>alicujus,</strong></span> <span class='ocrx_word' id='word_1_73' title='bbox 1069 1706 1176 1781; x_wconf 90' lang='lat' dir='ltr'><strong>quam</strong></span> 
     </span>
     <span class='ocr_line' id='line_1_13' title="bbox 321 1795 1176 1895; baseline -0.006 -22"><span class='ocrx_word' id='word_1_74' title='bbox 321 1824 439 1873; x_wconf 89' lang='lat' dir='ltr'><strong>sermo</strong></span> <span class='ocrx_word' id='word_1_75' title='bbox 457 1810 521 1886; x_wconf 86' lang='lat' dir='ltr'><strong>est,</strong></span> <span class='ocrx_word' id='word_1_76' title='bbox 541 1797 733 1895; x_wconf 87' lang='lat' dir='ltr'><strong>subitaque</strong></span> <span class='ocrx_word' id='word_1_77' title='bbox 751 1795 950 1895; x_wconf 85' lang='lat' dir='ltr'><strong>loquacitas</strong></span> <span class='ocrx_word' id='word_1_78' title='bbox 963 1808 1042 1870; x_wconf 89' lang='lat' dir='ltr'><strong>orta</strong></span> <span class='ocrx_word' id='word_1_79' title='bbox 1053 1809 1118 1881; x_wconf 90' lang='lat' dir='ltr'><strong>est,</strong></span> <span class='ocrx_word' id='word_1_80' title='bbox 1137 1806 1176 1869; x_wconf 90' lang='lat' dir='ltr'><strong>et</strong></span> 
     </span>
     <span class='ocr_line' id='line_1_14' title="bbox 323 1908 1174 2007; baseline -0.004 -23"><span class='ocrx_word' id='word_1_81' title='bbox 323 1909 432 1986; x_wconf 88' lang='lat' dir='ltr'><strong>solito</strong></span> <span class='ocrx_word' id='word_1_82' title='bbox 448 1909 640 1985; x_wconf 81' lang='lat' dir='ltr'><strong>audacior:</strong></span> <span class='ocrx_word' id='word_1_83' title='bbox 659 1923 724 1984; x_wconf 92' lang='lat' dir='ltr'><strong>aut</strong></span> <span class='ocrx_word' id='word_1_84' title='bbox 736 1909 799 1982; x_wconf 93' lang='lat' dir='ltr'><strong>ubi</strong></span> <span class='ocrx_word' id='word_1_85' title='bbox 817 1934 896 1982; x_wconf 90' lang='lat' dir='ltr'><strong>raro</strong></span> <span class='ocrx_word' id='word_1_86' title='bbox 914 1911 993 2007; x_wconf 92' lang='lat' dir='ltr'><strong>quis</strong></span> <span class='ocrx_word' id='word_1_87' title='bbox 1007 1921 1045 1983; x_wconf 89' lang='lat' dir='ltr'><strong>et</strong></span> <span class='ocrx_word' id='word_1_88' title='bbox 1056 1908 1174 1982; x_wconf 86' lang='lat' dir='ltr'><strong>veheu</strong></span> 
     </span>
     <span class='ocr_line' id='line_1_15' title="bbox 322 2018 1172 2121; baseline -0.005 -24"><span class='ocrx_word' id='word_1_89' title='bbox 322 2037 389 2111; x_wconf 80' lang='lat' dir='ltr'><strong>rat,</strong></span> <span class='ocrx_word' id='word_1_90' title='bbox 409 2048 591 2121; x_wconf 90' lang='lat' dir='ltr'><strong>venasque</strong></span> <span class='ocrx_word' id='word_1_91' title='bbox 610 2025 810 2096; x_wconf 89' lang='lat' dir='ltr'><strong>concitatas</strong></span> <span class='ocrx_word' id='word_1_92' title='bbox 836 2021 957 2109; x_wconf 89' lang='lat' dir='ltr'><strong>habet,</strong></span> <span class='ocrx_word' id='word_1_93' title='bbox 985 2018 1172 2119; x_wconf 89' lang='lat' dir='ltr'><strong>praecordi</strong></span> 
     </span>
     <span class='ocr_line' id='line_1_16' title="bbox 324 2133 1165 2232; baseline -0.001 -24"><span class='ocrx_word' id='word_1_94' title='bbox 324 2136 559 2210; x_wconf 83' lang='lat' dir='ltr'><strong>tumentibus.</strong></span> <span class='ocrx_word' id='word_1_95' title='bbox 612 2133 813 2208; x_wconf 88' lang='lat' dir='ltr'><strong>Oculorum</strong></span> <span class='ocrx_word' id='word_1_96' title='bbox 834 2159 979 2232; x_wconf 91' lang='lat' dir='ltr'><strong>quoque</strong></span> <span class='ocrx_word' id='word_1_97' title='bbox 992 2133 1165 2231; x_wconf 85' lang='lat' dir='ltr'><strong>frequens</strong></span> 
     </span>
     <span class='ocr_line' id='line_1_17' title="bbox 322 2234 1151 2347; baseline -0.004 -25"><span class='ocrx_word' id='word_1_98' title='bbox 322 2250 358 2322; x_wconf 94' lang='lat' dir='ltr'><strong>in</strong></span> <span class='ocrx_word' id='word_1_99' title='bbox 378 2234 505 2347; x_wconf 87' lang='lat' dir='ltr'><strong>capitis</strong></span> <span class='ocrx_word' id='word_1_100' title='bbox 518 2247 643 2321; x_wconf 90' lang='lat' dir='ltr'><strong>dolore</strong></span> <span class='ocrx_word' id='word_1_101' title='bbox 661 2246 797 2320; x_wconf 85' lang='lat' dir='ltr'><strong>offusae</strong></span> <span class='ocrx_word' id='word_1_102' title='bbox 822 2246 937 2320; x_wconf 89' lang='lat' dir='ltr'><strong>oculis</strong></span> <span class='ocrx_word' id='word_1_103' title='bbox 954 2247 1125 2321; x_wconf 88' lang='lat' dir='ltr'><strong>tenebrae</strong></span> <span class='ocrx_word' id='word_1_104' title='bbox 1140 2268 1151 2332; x_wconf 79' lang='lat'>3</span> 
     </span>
     <span class='ocr_line' id='line_1_18' title="bbox 322 2361 1169 2458; baseline -0.004 -23"><span class='ocrx_word' id='word_1_105' title='bbox 322 2361 446 2436; x_wconf 93' lang='lat' dir='ltr'><strong>dolore</strong></span> <span class='ocrx_word' id='word_1_106' title='bbox 481 2361 678 2446; x_wconf 86' lang='lat' dir='ltr'><strong>substante,</strong></span> <span class='ocrx_word' id='word_1_107' title='bbox 721 2384 868 2433; x_wconf 89' lang='lat' dir='ltr'><strong>somnus</strong></span> <span class='ocrx_word' id='word_1_108' title='bbox 904 2371 1059 2458; x_wconf 69' lang='lat' dir='ltr'><strong>ereptus</strong></span> <span class='ocrx_word' id='word_1_109' title='bbox 1090 2368 1169 2432; x_wconf 87' lang='lat' dir='ltr'><strong>cont</strong></span> 
     </span>
     <span class='ocr_line' id='line_1_19' title="bbox 322 2471 1167 2572; baseline -0.006 -22"><span class='ocrx_word' id='word_1_110' title='bbox 322 2487 432 2550; x_wconf 89' lang='lat' dir='ltr'><strong>nocte</strong></span> <span class='ocrx_word' id='word_1_111' title='bbox 449 2487 487 2549; x_wconf 88' lang='lat' dir='ltr'><strong>et</strong></span> <span class='ocrx_word' id='word_1_112' title='bbox 504 2473 563 2548; x_wconf 91' lang='lat' dir='ltr'><strong>die</strong></span> <span class='ocrx_word' id='word_1_113' title='bbox 581 2473 726 2572; x_wconf 80' lang='lat' dir='ltr'><strong>vigilia3</strong></span> <span class='ocrx_word' id='word_1_114' title='bbox 754 2471 812 2545; x_wconf 93' lang='lat' dir='ltr'><strong>vel</strong></span> <span class='ocrx_word' id='word_1_115' title='bbox 838 2486 1055 2570; x_wconf 90' lang='lat' dir='ltr'><strong>prostratum</strong></span> <span class='ocrx_word' id='word_1_116' title='bbox 1079 2482 1167 2545; x_wconf 91' lang='lat' dir='ltr'><strong>cont</strong></span> 
     </span>
     <span class='ocr_line' id='line_1_20' title="bbox 324 2586 1166 2686; baseline -0.006 -24"><span class='ocrx_word' id='word_1_117' title='bbox 324 2589 490 2662; x_wconf 89' lang='lat' dir='ltr'><strong>tudinem</strong></span> <span class='ocrx_word' id='word_1_118' title='bbox 508 2612 640 2686; x_wconf 89' lang='lat' dir='ltr'><strong>corpus</strong></span> <span class='ocrx_word' id='word_1_119' title='bbox 657 2588 692 2658; x_wconf 93' lang='lat' dir='ltr'><strong>in</strong></span> <span class='ocrx_word' id='word_1_120' title='bbox 712 2599 887 2672; x_wconf 89' lang='lat' dir='ltr'><strong>ventrem,</strong></span> <span class='ocrx_word' id='word_1_121' title='bbox 916 2587 967 2659; x_wconf 90' lang='lat' dir='ltr'><strong>sic</strong></span> <span class='ocrx_word' id='word_1_122' title='bbox 993 2597 1035 2659; x_wconf 92' lang='lat' dir='ltr'><strong>ut</strong></span> <span class='ocrx_word' id='word_1_123' title='bbox 1056 2586 1166 2681; x_wconf 87' lang='lat' dir='ltr'><strong>ipsius</strong></span> 
     </span>
     <span class='ocr_line' id='line_1_21' title="bbox 324 2698 1165 2797; baseline -0.007 -23"><span class='ocrx_word' id='word_1_124' title='bbox 324 2702 455 2776; x_wconf 79' lang='lat' dir='ltr'><strong>idmon</strong></span> <span class='ocrx_word' id='word_1_125' title='bbox 474 2703 658 2797; x_wconf 55' lang='lat' dir='ltr'><strong>coegerim</strong></span> <span class='ocrx_word' id='word_1_126' title='bbox 686 2702 785 2786; x_wconf 90' lang='lat' dir='ltr'><strong>item,</strong></span> <span class='ocrx_word' id='word_1_127' title='bbox 813 2699 963 2771; x_wconf 88' lang='lat' dir='ltr'><strong>robusto</strong></span> <span class='ocrx_word' id='word_1_128' title='bbox 988 2698 1108 2771; x_wconf 86' lang='lat' dir='ltr'><strong>adhuc</strong></span> <span class='ocrx_word' id='word_1_129' title='bbox 1135 2722 1165 2771; x_wconf 69' lang='lat' dir='ltr'><strong>c&lt;</strong></span> 
     </span>
     <span class='ocr_line' id='line_1_22' title="bbox 325 2812 1164 2909; baseline -0.005 -23"><span class='ocrx_word' id='word_1_130' title='bbox 325 2815 452 2888; x_wconf 87' lang='lat' dir='ltr'><strong>solitus</strong></span> <span class='ocrx_word' id='word_1_131' title='bbox 470 2814 633 2887; x_wconf 92' lang='lat' dir='ltr'><strong>dentium</strong></span> <span class='ocrx_word' id='word_1_132' title='bbox 649 2812 791 2899; x_wconf 89' lang='lat' dir='ltr'><strong>stridor,</strong></span> <span class='ocrx_word' id='word_1_133' title='bbox 810 2813 969 2885; x_wconf 87' lang='lat' dir='ltr'><strong>insaniae</strong></span> <span class='ocrx_word' id='word_1_134' title='bbox 986 2813 1089 2909; x_wconf 85' lang='lat' dir='ltr'><strong>signa</strong></span> <span class='ocrx_word' id='word_1_135' title='bbox 1105 2834 1164 2883; x_wconf 86' lang='lat' dir='ltr'><strong>sut</strong></span> 
     </span>
     <span class='ocr_line' id='line_1_23' title="bbox 324 2927 1163 3023; baseline -0.002 -25"><span class='ocrx_word' id='word_1_136' title='bbox 324 2927 432 2999; x_wconf 89' lang='lat' dir='ltr'><strong>etiam</strong></span> <span class='ocrx_word' id='word_1_137' title='bbox 459 2927 641 3012; x_wconf 81' lang='lat' dir='ltr'><strong>abscessit,</strong></span> <span class='ocrx_word' id='word_1_138' title='bbox 670 2938 708 3000; x_wconf 90' lang='lat' dir='ltr'><strong>et</strong></span> <span class='ocrx_word' id='word_1_139' title='bbox 733 2937 926 3023; x_wconf 90' lang='lat' dir='ltr'><strong>antequam</strong></span> <span class='ocrx_word' id='word_1_140' title='bbox 955 2935 1163 3023; x_wconf 86' lang='lat' dir='ltr'><strong>suppuraret</strong></span> 
     </span>
     <span class='ocr_line' id='line_1_24' title="bbox 325 3035 1162 3136; baseline 0.001 -26"><span class='ocrx_word' id='word_1_141' title='bbox 325 3036 448 3110; x_wconf 88' lang='lat' dir='ltr'><strong>adhuc</strong></span> <span class='ocrx_word' id='word_1_142' title='bbox 465 3035 581 3123; x_wconf 88' lang='lat' dir='ltr'><strong>febre,</strong></span> <span class='ocrx_word' id='word_1_143' title='bbox 609 3036 782 3122; x_wconf 88' lang='lat' dir='ltr'><strong>subsedit,</strong></span> <span class='ocrx_word' id='word_1_144' title='bbox 808 3037 1011 3136; x_wconf 87' lang='lat' dir='ltr'><strong>periculum</strong></span> <span class='ocrx_word' id='word_1_145' title='bbox 1028 3036 1133 3111; x_wconf 86' lang='lat' dir='ltr'><strong>affert</strong></span> <span class='ocrx_word' id='word_1_146' title='bbox 1149 3061 1162 3134; x_wconf 82' lang='lat'>1</span> 
     </span>
     <span class='ocr_line' id='line_1_25' title="bbox 325 3148 1161 3248; baseline 0.002 -27"><span class='ocrx_word' id='word_1_147' title='bbox 325 3150 426 3235; x_wconf 89' lang='lat' dir='ltr'><strong>roris,</strong></span> <span class='ocrx_word' id='word_1_148' title='bbox 446 3148 578 3222; x_wconf 92' lang='lat' dir='ltr'><strong>deinde</strong></span> <span class='ocrx_word' id='word_1_149' title='bbox 596 3151 772 3222; x_wconf 88' lang='lat' dir='ltr'><strong>interitus.</strong></span> <span class='ocrx_word' id='word_1_150' title='bbox 825 3149 938 3223; x_wconf 87' lang='lat' dir='ltr'><strong>Auris</strong></span> <span class='ocrx_word' id='word_1_151' title='bbox 951 3175 1098 3248; x_wconf 92' lang='lat' dir='ltr'><strong>quoque</strong></span> <span class='ocrx_word' id='word_1_152' title='bbox 1116 3149 1161 3223; x_wconf 93' lang='lat' dir='ltr'><strong>do</strong></span> 
     </span>
     <span class='ocr_line' id='line_1_26' title="bbox 326 3260 1160 3361; baseline 0 -25"><span class='ocrx_word' id='word_1_153' title='bbox 326 3286 413 3336; x_wconf 92' lang='lat' dir='ltr'><strong>cum</strong></span> <span class='ocrx_word' id='word_1_154' title='bbox 442 3260 544 3334; x_wconf 89' lang='lat' dir='ltr'><strong>febre</strong></span> <span class='ocrx_word' id='word_1_155' title='bbox 570 3263 743 3333; x_wconf 90' lang='lat' dir='ltr'><strong>continua</strong></span> <span class='ocrx_word' id='word_1_156' title='bbox 768 3262 1059 3361; x_wconf 89' lang='lat' dir='ltr'><strong>vehementique,</strong></span> <span class='ocrx_word' id='word_1_157' title='bbox 1086 3286 1160 3360; x_wconf 80' lang='lat' dir='ltr'><strong>sae1</strong></span> 
     </span>
     <span class='ocr_line' id='line_1_27' title="bbox 326 3373 1143 3473; baseline 0.001 -25"><span class='ocrx_word' id='word_1_158' title='bbox 326 3373 474 3460; x_wconf 84' lang='lat' dir='ltr'><strong>turbat3</strong></span> <span class='ocrx_word' id='word_1_159' title='bbox 501 3384 539 3446; x_wconf 91' lang='lat' dir='ltr'><strong>et</strong></span> <span class='ocrx_word' id='word_1_160' title='bbox 555 3398 601 3446; x_wconf 88' lang='lat' dir='ltr'><strong>ex</strong></span> <span class='ocrx_word' id='word_1_161' title='bbox 619 3397 664 3446; x_wconf 91' lang='lat' dir='ltr'><strong>eo</strong></span> <span class='ocrx_word' id='word_1_162' title='bbox 682 3399 767 3447; x_wconf 88' lang='lat' dir='ltr'><strong>casu</strong></span> <span class='ocrx_word' id='word_1_163' title='bbox 778 3374 943 3473; x_wconf 87' lang='lat' dir='ltr'><strong>juniores</strong></span> <span class='ocrx_word' id='word_1_164' title='bbox 960 3376 1143 3451; x_wconf 90' lang='lat' dir='ltr'><strong>interdum</strong></span> 
     </span>
     <span class='ocr_line' id='line_1_28' title="bbox 327 3486 1155 3583; baseline -0.004 -20"><span class='ocrx_word' id='word_1_165' title='bbox 327 3512 427 3583; x_wconf 86' lang='lat' dir='ltr'><strong>mum</strong></span> <span class='ocrx_word' id='word_1_166' title='bbox 460 3486 555 3562; x_wconf 89' lang='lat' dir='ltr'><strong>diem</strong></span> <span class='ocrx_word' id='word_1_167' title='bbox 586 3487 810 3573; x_wconf 90' lang='lat' dir='ltr'><strong>moriuntur;</strong></span> <span class='ocrx_word' id='word_1_168' title='bbox 837 3492 994 3563; x_wconf 90' lang='lat' dir='ltr'><strong>seniores</strong></span> <span class='ocrx_word' id='word_1_169' title='bbox 1019 3490 1155 3564; x_wconf 89' lang='lat' dir='ltr'><strong>tardius</strong></span> 
     </span>
     <span class='ocr_line' id='line_1_29' title="bbox 326 3598 1157 3700; baseline 0 -26"><span class='ocrx_word' id='word_1_170' title='bbox 326 3625 447 3699; x_wconf 91' lang='lat' dir='ltr'><strong>neque</strong></span> <span class='ocrx_word' id='word_1_171' title='bbox 481 3624 597 3697; x_wconf 87' lang='lat' dir='ltr'><strong>aeque</strong></span> <span class='ocrx_word' id='word_1_172' title='bbox 632 3625 780 3698; x_wconf 82' lang='lat' dir='ltr'><strong>magnas</strong></span> <span class='ocrx_word' id='word_1_173' title='bbox 818 3598 936 3675; x_wconf 90' lang='lat' dir='ltr'><strong>febres</strong></span> <span class='ocrx_word' id='word_1_174' title='bbox 970 3604 1157 3700; x_wconf 87' lang='lat' dir='ltr'><strong>experiunt</strong></span> 
     </span>
     <span class='ocr_line' id='line_1_30' title="bbox 327 3714 1141 3811; baseline 0.002 -25"><span class='ocrx_word' id='word_1_175' title='bbox 327 3738 443 3811; x_wconf 88' lang='lat' dir='ltr'><strong>aeque</strong></span> <span class='ocrx_word' id='word_1_176' title='bbox 469 3714 678 3789; x_wconf 88' lang='lat' dir='ltr'><strong>insaniunt:</strong></span> <span class='ocrx_word' id='word_1_177' title='bbox 705 3716 755 3786; x_wconf 88' lang='lat' dir='ltr'><strong>ita</strong></span> <span class='ocrx_word' id='word_1_178' title='bbox 780 3716 968 3800; x_wconf 88' lang='lat' dir='ltr'><strong>sustinent,</strong></span> <span class='ocrx_word' id='word_1_179' title='bbox 997 3715 1084 3788; x_wconf 89' lang='lat' dir='ltr'><strong>dum</strong></span> <span class='ocrx_word' id='word_1_180' title='bbox 1111 3717 1141 3788; x_wconf 91' lang='lat' dir='ltr'><strong>is</strong></span> 
     </span>
     <span class='ocr_line' id='line_1_31' title="bbox 328 3826 1155 3925; baseline 0.004 -28"><span class='ocrx_word' id='word_1_181' title='bbox 328 3850 397 3924; x_wconf 89' lang='lat' dir='ltr'><strong>pus</strong></span> <span class='ocrx_word' id='word_1_182' title='bbox 425 3840 595 3901; x_wconf 88' lang='lat' dir='ltr'><strong>vertatur.</strong></span> <span class='ocrx_word' id='word_1_183' title='bbox 647 3826 811 3900; x_wconf 85' lang='lat' dir='ltr'><strong>Suffusae</strong></span> <span class='ocrx_word' id='word_1_184' title='bbox 842 3853 987 3925; x_wconf 91' lang='lat' dir='ltr'><strong>quoque</strong></span> <span class='ocrx_word' id='word_1_185' title='bbox 1015 3829 1155 3924; x_wconf 86' lang='lat' dir='ltr'><strong>sanguir</strong></span> 
     </span>
     <span class='ocr_line' id='line_1_32' title="bbox 328 3938 1154 4028; baseline 0.001 -16"><span class='ocrx_word' id='word_1_186' title='bbox 328 3963 518 4024; x_wconf 90' lang='lat' dir='ltr'><strong>mammae,</strong></span> <span class='ocrx_word' id='word_1_187' title='bbox 537 3938 695 4012; x_wconf 90' lang='lat' dir='ltr'><strong>furorem</strong></span> <span class='ocrx_word' id='word_1_188' title='bbox 714 3954 907 4016; x_wconf 91' lang='lat' dir='ltr'><strong>venturum</strong></span> <span class='ocrx_word' id='word_1_189' title='bbox 932 3967 1020 4028; x_wconf 91' lang='lat' dir='ltr'><strong>esse,</strong></span> <span class='ocrx_word' id='word_1_190' title='bbox 1047 3955 1154 4017; x_wconf 80' lang='lat' dir='ltr'><strong>testar</strong></span> 
     </span>
     <span class='ocr_line' id='line_1_33' title="bbox 330 4049 1153 4148; baseline 0.006 -23"><span class='ocrx_word' id='word_1_191' title='bbox 330 4051 399 4125; x_wconf 94' lang='lat' dir='ltr'><strong>bus</strong></span> <span class='ocrx_word' id='word_1_192' title='bbox 416 4064 537 4124; x_wconf 90' lang='lat' dir='ltr'><strong>autern</strong></span> <span class='ocrx_word' id='word_1_193' title='bbox 555 4049 685 4148; x_wconf 78' lang='lat' dir='ltr'><strong>longae</strong></span> <span class='ocrx_word' id='word_1_194' title='bbox 702 4052 822 4127; x_wconf 88' lang='lat' dir='ltr'><strong>febres</strong></span> <span class='ocrx_word' id='word_1_195' title='bbox 839 4067 936 4142; x_wconf 89' lang='lat' dir='ltr'><strong>sunt,</strong></span> <span class='ocrx_word' id='word_1_196' title='bbox 964 4055 1018 4129; x_wconf 90' lang='lat' dir='ltr'><strong>his</strong></span> <span class='ocrx_word' id='word_1_197' title='bbox 1035 4069 1100 4130; x_wconf 85' lang='lat' dir='ltr'><strong>aut</strong></span> <span class='ocrx_word' id='word_1_198' title='bbox 1116 4057 1153 4129; x_wconf 90' lang='lat' dir='ltr'><strong>al</strong></span> 
     </span>
     <span class='ocr_line' id='line_1_34' title="bbox 332 4165 1153 4263; baseline 0.004 -26"><span class='ocrx_word' id='word_1_199' title='bbox 332 4165 406 4263; x_wconf 88' lang='lat' dir='ltr'><strong>qui,</strong></span> <span class='ocrx_word' id='word_1_200' title='bbox 427 4176 491 4236; x_wconf 86' lang='lat' dir='ltr'><strong>aut</strong></span> <span class='ocrx_word' id='word_1_201' title='bbox 506 4165 739 4239; x_wconf 87' lang='lat' dir='ltr'><strong>articulorum</strong></span> <span class='ocrx_word' id='word_1_202' title='bbox 759 4166 900 4242; x_wconf 87' lang='lat' dir='ltr'><strong>dolores</strong></span> <span class='ocrx_word' id='word_1_203' title='bbox 919 4183 1036 4243; x_wconf 87' lang='lat' dir='ltr'><strong>crunt.</strong></span> <span class='ocrx_word' id='word_1_204' title='bbox 1083 4169 1153 4257; x_wconf 73' lang='lat' dir='ltr'><strong>Qu«</strong></span> 
     </span>
     <span class='ocr_line' id='line_1_35' title="bbox 330 4275 1152 4379; baseline 0.002 -27"><span class='ocrx_word' id='word_1_205' title='bbox 330 4278 400 4352; x_wconf 90' lang='lat' dir='ltr'><strong>bus</strong></span> <span class='ocrx_word' id='word_1_206' title='bbox 425 4276 461 4348; x_wconf 94' lang='lat' dir='ltr'><strong>in</strong></span> <span class='ocrx_word' id='word_1_207' title='bbox 489 4275 589 4349; x_wconf 89' lang='lat' dir='ltr'><strong>febre</strong></span> <span class='ocrx_word' id='word_1_208' title='bbox 614 4277 767 4352; x_wconf 90' lang='lat' dir='ltr'><strong>illiditur</strong></span> <span class='ocrx_word' id='word_1_209' title='bbox 792 4282 947 4379; x_wconf 85' lang='lat' dir='ltr'><strong>spiritus,</strong></span> <span class='ocrx_word' id='word_1_210' title='bbox 976 4285 1085 4356; x_wconf 88' lang='lat' dir='ltr'><strong>instat</strong></span> <span class='ocrx_word' id='word_1_211' title='bbox 1110 4283 1152 4355; x_wconf 86' lang='lat' dir='ltr'><strong>hi</strong></span> 
     </span>
     <span class='ocr_line' id='line_1_36' title="bbox 333 4389 1152 4488; baseline 0.001 -20"><span class='ocrx_word' id='word_1_212' title='bbox 333 4389 514 4468; x_wconf 82' lang='lat' dir='ltr'><strong>distentio.</strong></span> <span class='ocrx_word' id='word_1_213' title='bbox 568 4389 605 4462; x_wconf 85' lang='lat' dir='ltr'><strong>Si</strong></span> <span class='ocrx_word' id='word_1_214' title='bbox 623 4393 755 4488; x_wconf 85' lang='lat' dir='ltr'><strong>angina</strong></span> <span class='ocrx_word' id='word_1_215' title='bbox 772 4394 892 4468; x_wconf 89' lang='lat' dir='ltr'><strong>subito</strong></span> <span class='ocrx_word' id='word_1_216' title='bbox 910 4396 1008 4469; x_wconf 87' lang='lat' dir='ltr'><strong>finita</strong></span> <span class='ocrx_word' id='word_1_217' title='bbox 1027 4409 1090 4482; x_wconf 82' lang='lat' dir='ltr'><strong>est,</strong></span> <span class='ocrx_word' id='word_1_218' title='bbox 1117 4398 1152 4469; x_wconf 94' lang='lat' dir='ltr'><strong>in</strong></span> 
     </span>
    </p>
   </div>
   <div class='ocr_carea' id='block_1_4' title="bbox 0 0 1439 5296">
    <p class='ocr_par' dir='ltr' id='par_1_6' title="bbox 0 0 1439 5296">
     <span class='ocr_line' id='line_1_37' title="bbox 0 0 1439 5296; baseline 0 0"><span class='ocrx_word' id='word_1_219' title='bbox 0 0 1439 5296; x_wconf 95' lang='lat' dir='ltr'><strong> </strong></span> 
     </span>
    </p>
   </div>
  </div>
 </body>
</html>
