2858 5296
243 700 549 807 ιιιιιιιιιιιιιιιιι.
567 704 625 757 ιιι.
903 688 979 774 127

89 863 178 973 'st'p
190 878 351 979 nuptu
339 902 465 979 iprum
490 902 571 955 erse
597 878 791 980 praesidio.
840 880 973 959 Ubiirr

89 986 267 1079 affl,
275 988 489 1069 verendum
504 1002 630 1069 temen
646 1004 716 1081 cst,
746 1014 796 1069 nc
821 994 862 1069 iu
884 1018 973 1071 eur-

89 1096 304 1183 ΙΙιῦιήιιιι
325 1102 407 1181 cito
427 1104 596 1183 recidet:
621 1106 759 1205 itaque,
783 1106 872 1183 vino
893 1116 972 1183 teu·

89 1216 349 1347 numid-ie
363 1216 580 1295 validiorem
603 1218 730 1295 cibum
746 1216 861 1295 debet
874 1242 972 1295 ιιιιι·

89 1324 173 1409 bc
184 1330 267 1407 ntis
281 1330 417 1407 virium
432 1354 579 1431 corpori
567 1330 733 1407 redeat.

94 1440 193 1519 kiter
204 1466 355 1543 quoque
369 1444 520 1521 morbus
535 1454 602 1533 ert,
628 1444 734 1521 aliter
756 1442 1131 1545 phreneticum

89 1578 133 1633 ιι.
181 1554 229 1633 Iu
244 1580 293 1633 eo
308 1554 492 1635 difficilior
506 1582 665 1648 romnus,
679 1568 825 1658 promta
835 1556 885 1633 sd
896 1580 974 1633 orn·

89 1668 337 1747 hdsmmens
364 1670 1015 1749 estsiuhccmurcoretinsx-'

89 1784 124 1859 ir
154 1806 276 1883 pecus
306 1780 513 1859 dormiendi
541 1786 747 1861 necessitas.
805 1785 974 1885 uitam

89 1896 272 1975 minam
335 1894 465 1997 Atque
479 1894 680 1998 idquoque
687 1908 808 1997 'gertus
819 1911 973 1975 scutum

89 2008 373 2098 hisuccurriurr,
387 2008 555 2085 celeriter
563 2010 721 2111 jugulet
748 2010 830 2087 Hor
843 2036 975 2112 aegros

89 2120 240 2203 abinde
255 2122 418 2199 excitare
434 2123 616 2212 nituntur,
644 2122 801 2199 admotis
825 2126 882 2211 iis,
908 2148 977 2223 per

89 2245 317 2323 merente
340 2247 552 2324 evocantur,
583 2248 624 2312 et
649 2237 706 2325 iis,
737 2260 834 2337 quse
861 2234 976 2313 odore

89 2360 222 2443 urcut3
247 2346 366 2449 qualis
382 2360 440 2425 est
453 2348 519 2449 pix
542 2348 671 2438 cruda,
696 2348 783 2425 lune
807 2348 972 2438 succida,

89 2472 248 2551 mim,
266 2473 485 2550 castoreum,
512 2475 671 2552 acetum,
700 2462 838 2554 allium,
868 2488 972 2564 cepc

89 2576 161 2651 im
174 2574 376 2675 galbanum
392 2574 607 2665 incendunt,
620 2576 799 2678 sutpilos,
815 2589 882 2653 aut
893 2600 974 2653 cor·
1101 2568 1105 2577 ’

89 2712 199 2763 uum:
222 2689 254 2764 si
270 2688 309 2763 id
326 2711 402 2762 non
420 2703 487 2774 est,
499 2687 689 2788 quodlibet
698 2690 810 2765 aliud.
864 2688 973 2763 Haec

89 2826 118 2877 u
142 2801 421 2889 comburuntur,
450 2799 600 2876 odorem
631 2801 783 2877 foedum
812 2812 974 2875 movent.

89 2939 196 2991 .vcro
224 2913 385 3014 quidam,
416 2915 632 2989 accessionis
657 2913 698 2988 id
732 2912 870 2987 malum
897 2936 976 2986 esse

89 3030 240 3129 mique,
264 3052 350 3103 cum
377 3052 421 3102 ea
453 3028 632 3102 decessit:
657 3026 784 3124 itaque
814 3048 888 3109 eos,
913 3025 978 3123 qui

92 3144 268 3229 excitant,
295 3141 373 3215 sine
399 3165 469 3215 usu
497 3139 594 3214 male
620 3138 766 3213 habere.
817 3136 979 3214 Interest

89 3252 343 3331 udecessione
359 3254 635 3352 expergiscatur
652 3274 774 3349 aeger,
802 3274 863 3338 en,
890 3274 978 3325 curu

89 3390 125 3443 ιι
138 3366 294 3455 levetur,
312 3379 376 3441 aut
392 3365 512 3442 levate
528 3390 675 3465 quoque
692 3389 738 3441 ee
752 3388 902 3441 somnus
917 3388 977 3440 ur·

89 3480 168 3557 ism
183 3481 216 3555 si
231 3481 510 3580 expergiscitur,
528 3478 704 3555 adhibere
719 3479 768 3567 ei,
785 3490 828 3553 ut
843 3478 974 3577 sopito,

89 3618 190 3669 uum
205 3605 286 3669 est.
313 3616 434 3691 neque
450 3593 548 3667 enim
561 3591 747 3694 vigilando
762 3592 891 3667 melior
905 3590 974 3682 fit;

89 3730 136 3795 re,
154 3732 187 3782 u
174 3705 331 3781 melior
347 3716 413 3792 est,
431 3705 569 3804 vigilat.
619 3705 660 3781 Si
679 3730 766 3782 vero
782 3705 1141 3854 ιοηᾰῃοηιοωιοι·
1151 3772 1158 3793 .

89 3846 122 3899 ιι
136 3832 204 3909 est,
223 3822 352 3920 utique
377 3819 593 3894 excitandus
617 3831 696 3911 est,
723 3818 859 3895 sedus
886 3792 1077 3906 tem-⁶³¹·4444⁰
1067 3803 1129 3905 ¹4„

100 3936 235 4037 quibus
250 3932 362 4008 febris
378 3931 559 4008 levissima
573 3943 640 4021 est,
667 3944 711 4007 ut
738 3945 777 4007 et
803 3938 1039 4005 excernitu-

95 4061 136 4125 et
159 4062 292 4124 sumat.
343 4045 495 4122 Excitat
519 4057 644 4120 autem
672 4043 892 4120 validissime
921 4064 980 4115 re·

89 4187 143 4264 gua
154 4158 290 4260 frigida
298 4157 429 4235 infusa.
481 4158 570 4234 Post
580 4159 826 4234 remissionem
840 4156 977 4253 itaque,

89 4300 144 4351 sm
162 4273 245 4350 oleo
269 4273 386 4349 multo
412 4297 557 4372 corpus,
585 4272 702 4347 tribus
727 4280 793 4345 sut
822 4278 981 4368 quatuor

89 4400 245 4463 storum
262 4412 327 4487 per
344 4398 456 4487 caput
471 4383 769 4485 perfundendum
786 4394 853 4457 est.
906 4376 981 4453 Sed

89 4526 173 4589 nur,
191 4502 222 4576 si
239 4501 398 4600 aequalis
414 4523 525 4599 aegro
550 4500 695 4598 spiritus
711 4498 792 4584 erit,
811 4495 842 4570 si
858 4491 983 4566 mollia

89 4614 162 4689 iia:
188 4615 244 4688 siu
260 4614 364 4690 aliter
382 4614 473 4690 haec
490 4624 611 4700 erunt,
638 4636 683 4686 ea
706 4610 860 4710 potiora,
890 4623 985 4700 quse

89 4727 331 4829 ompreheusa
359 4741 456 4805 sunt.
508 4725 570 4815 lit,
605 4722 707 4824 quod
739 4719 986 4831 adlsomnum
