2858 5296
167 3081 290 3157 (ibrum-

165 3158 245 3200 troues

167 3218 294 3283 quaedam.

342 352 413 420 102
670 372 674 381 ·
734 375 770 423 s.
790 374 902 426 cons.
922 375 1027 428 catu
1127 430 1130 436 ,

338 546 441 620 brem
467 545 582 621 motio
607 563 740 634 manet,
765 561 848 649 post
872 548 1020 627 alteram
1045 552 1203 650 integrm

339 671 418 753 est;
460 663 605 759 integro
629 685 792 759 corpore,
817 663 901 737 cibo
925 677 1069 762 tempus
1093 667 1202 764 aptius

338 797 481 873 semper
496 772 674 850 febricula
690 789 823 863 manet,
843 775 908 850 sed
924 776 1076 851 alterum
1094 797 1201 853 tamer

337 903 483 989 teinpus
506 890 724 964 remissionis
751 903 817 977 est,
843 889 884 963 id
912 893 1034 989 potius
1056 891 1200 991 eligend

336 1001 429 1078 adeo
445 1015 499 1090 ut,
518 1003 583 1078 ubi
596 1007 821 1077 accessiones
838 1005 1109 1093 continuantur,
1137 1030 1198 1106 pra

335 1115 470 1191 clinata
480 1117 609 1215 priore,
625 1114 768 1190 dandus
781 1117 886 1191 cibus
900 1118 957 1192 sit.
1006 1117 1150 1194 Etenim
1165 1144 1197 1218 p

335 1243 400 1317 est,
421 1229 467 1304 ad
485 1228 585 1330 quod
610 1253 718 1302 omne
742 1230 934 1305 consilium
960 1230 1068 1329 dirigi
1097 1247 1195 1332 potes

335 1368 445 1447 quarn
470 1343 628 1416 maxime
654 1367 796 1441 semper
825 1345 871 1418 ab
898 1347 1105 1420 accessione
1130 1345 1194 1421 fun

335 1480 445 1548 cere3
473 1467 521 1542 ct,
553 1453 624 1530 hoc
649 1455 761 1543 salvo,
784 1455 872 1530 dare
902 1481 1012 1555 quarn
1035 1459 1193 1557 integerr

314 1563 433 1668 pore.
486 1567 599 1654 Quod
616 1591 691 1642 non
715 1569 811 1644 inter
828 1569 918 1644 diras
936 1583 1089 1658 tantum,
1115 1572 1179 1646 sed

332 1695 389 1757 ter
405 1681 527 1783 plures
544 1684 768 1757 accessiones
784 1684 995 1758 servabitur.
1046 1684 1120 1758 Sed
1144 1709 1190 1760 cu

333 1797 523 1883 tissimum,
541 1796 649 1870 tertio
666 1820 812 1896 quoque
837 1796 897 1870 die
915 1797 1041 1871 cibum
1059 1797 1168 1886 dare3

334 1934 468 2009 corpus
485 1908 667 1985 infirmum
685 1921 752 1996 est,
783 1910 946 2006 quotidie
975 1910 1115 1985 dandus
1141 1924 1190 1986 est

332 2047 404 2122 que
435 2023 560 2120 magis,
592 2023 623 2095 si
653 2022 881 2096 continentes
917 2023 1038 2096 febres
1065 2026 1142 2098 sinc
1174 2048 1188 2098 r

330 2147 427 2223 sunt,
455 2135 730 2237 quantomagis
754 2159 886 2233 corpus
916 2135 1105 2233 affligunt3
1137 2158 1187 2211 au·

329 2249 497 2348 pluresve
515 2247 741 2322 accessiones
758 2248 887 2322 eodem
906 2249 966 2322 die
983 2252 1146 2325 veniunt.

330 2364 452 2451 efficit,
469 2374 511 2437 ut
535 2374 572 2436 et
594 2386 616 2435 a
639 2362 758 2460 primo
780 2361 840 2436 die
864 2365 1031 2461 protinus
1053 2363 1186 2438 cibusr‘

331 2477 391 2552 die
418 2477 559 2562 debeat,
588 2477 617 2550 si
642 2477 806 2573 protinus
833 2493 945 2550 venae
964 2476 1184 2551 conciderun

332 2595 415 2693 pius
435 2590 563 2666 codem
582 2590 651 2676 die,
668 2590 697 2662 si
714 2590 808 2663 inter
832 2589 953 2689 plures
979 2592 1184 2665 accessione

334 2706 389 2781 vis
414 2706 557 2803 corpori
583 2703 696 2777 deest.
749 2703 847 2778 Illud
874 2714 993 2776 tamen
1020 2705 1058 2775 in
1084 2705 1139 2777 his
1164 2730 1183 2778 s

334 2832 400 2906 est,
421 2831 463 2892 ut
480 2829 561 2918 post
578 2842 638 2891 eas
654 2816 773 2890 febres
798 2819 919 2889 miuus
937 2817 1009 2889 cibi
1027 2817 1144 2905 detur,
1172 2842 1182 2917 1

332 2934 362 3004 si
380 2956 445 3030 per
462 2955 594 3028 corpus
610 2931 748 3017 liceret,
769 2933 917 3004 omniuo
934 2954 1007 3003 non
1026 2930 1181 3005 daretur.

385 3044 480 3118 Curn
509 3067 596 3116 vero
622 3043 730 3115 febris
755 3045 876 3129 instet,
903 3045 1062 3143 incipiat,
1088 3070 1181 3142 auge

334 3157 446 3244 sistat,
475 3154 640 3239 decedat,
667 3155 799 3227 deinde
824 3158 862 3226 in
881 3155 1089 3231 decessione
1106 3183 1180 3231 con:

332 3270 501 3360 finiatur3
530 3269 621 3341 scire
639 3267 735 3352 licet,
754 3269 931 3366 optimum
957 3272 1039 3343 cibo
1066 3286 1180 3370 temps

329 3385 538 3473 biennia,
566 3380 709 3467 deinde,
730 3407 815 3454 curn
833 3382 997 3456 decessio
1010 3384 1087 3482 ejus
1102 3409 1180 3458 cons

329 3501 433 3586 tium,
454 3499 482 3570 si
496 3519 643 3570 necesse
661 3507 726 3580 est,
747 3495 1041 3596 quandocunque
1059 3498 1179 3572 decedr

331 3614 452 3687 omnia
466 3607 669 3710 periculosa
685 3633 774 3682 esse.
827 3610 864 3681 Si
883 3624 1003 3683 tamen
1021 3624 1170 3709 propter

326 3741 402 3802 tem
421 3729 614 3802 necessitas
634 3738 750 3822 urget,
770 3725 880 3797 satius
898 3750 986 3808 esse,
1005 3728 1178 3799 consistet

325 3852 512 3915 cremento
535 3839 655 3927 febris,
674 3843 811 3943 aliquid
829 3844 968 3934 offerre,
989 3873 1096 3945 quam
1123 3849 1177 3920 inc

324 3954 436 4026 satius
454 3977 544 4041 esse,
561 3954 729 4043 instante,
759 3983 867 4055 quarn
893 3961 1116 4059 incipiente:
1145 3986 1177 4034 cr

323 4089 419 4152 men,
440 4078 481 4139 ut
499 4066 601 4140 nullo
618 4081 782 4168 tempore
800 4074 842 4156 is,
864 4074 927 4169 qui
945 4075 1078 4162 deficit,
1099 4099 1172 4148 non

323 4177 476 4254 nendus.

371 4292 503 4390 Neque
520 4291 669 4368 hercule
687 4297 772 4368 satis
790 4310 855 4385 cst,
874 4301 968 4397 ipsas
985 4312 1127 4374 tantum
1153 4300 1177 4372 f«

322 4407 444 4483 dicum
463 4407 607 4495 intueri,
628 4410 691 4484 sed
710 4412 817 4484 etiarn
837 4415 946 4488 totius
962 4416 1120 4513 corporis
1139 4414 1176 4488 ha
