2858 5296
338 326 389 395 84
722 344 758 392 r.
778 341 890 391 coru.
909 344 1015 394 cnnsr

340 529 477 607 recens,
507 517 599 592 ficus
628 530 667 593 et
691 518 815 596 viridis
841 531 882 592 et
905 517 1015 606 arida,
1045 518 1198 616 legumir

341 656 507 731 quaeque
530 631 657 706 inflare
683 643 975 707 consueverunt:
999 631 1086 706 item
1117 631 1197 732 thyr

340 759 437 844 peta,
449 747 616 833 satureia,
630 744 838 846 hyssopum,
855 746 1084 833 nasturtium,
1099 744 1195 844 lapat

341 883 437 947 sana,
450 858 656 960 juglandes.
691 859 751 932 Ex
769 857 826 931 his
842 870 966 933 autem
982 858 1136 957 intelligi
1151 881 1193 957 pu

340 972 521 1072 quidquid
536 973 624 1048 boni
639 974 740 1046 succi
765 983 831 1057 est,
857 973 1023 1071 protinus
1048 968 1192 1046 stornad

340 1087 445 1178 nire;
471 1111 591 1186 neque
608 1085 787 1184 quidquid
812 1084 1001 1159 stomacho
1017 1085 1190 1172 convenit

340 1199 427 1274 boni
445 1202 545 1275 succi
562 1223 651 1274 esse.

390 1312 539 1387 XXVI.
567 1311 703 1386 Inflant
719 1324 854 1398 autem,
872 1313 994 1385 omnia
1010 1309 1087 1386 fere
1099 1310 1187 1410 legu

340 1427 401 1500 nia
415 1426 577 1524 pinguia,
590 1427 713 1499 omnia
725 1425 857 1510 dulcia,
875 1426 996 1498 omnia
1005 1424 1186 1523 jurulenta

340 1552 449 1637 atque
465 1540 573 1614 etiam
591 1538 631 1612 id
648 1540 784 1626 vinum,
804 1540 865 1613 cui
881 1537 972 1611 nihil
988 1537 1109 1611 adhuc
1127 1550 1186 1613 aet

340 1652 406 1725 sit:
432 1676 479 1726 ex
507 1652 674 1741 oleribus,
700 1652 836 1738 allium,
863 1677 965 1749 cepa,
995 1651 1162 1738 brassica,

340 1765 491 1856 radices,
504 1780 661 1866 excepto
673 1768 781 1841 sisere
795 1779 833 1840 et
842 1767 1037 1864 pastinaca,
1050 1763 1163 1851 bulbi,
1177 1778 1183 1837 t

341 1879 473 1968 aridae,
492 1879 557 1954 sed
574 1882 688 1979 magis
705 1878 847 1965 virides,
875 1904 968 1952 uvae
985 1891 1162 1963 recentes,

340 2016 417 2080 nes,
445 1996 608 2092 exceptis
632 1992 773 2067 nucleis
794 1992 923 2091 pineis,
950 1991 1018 2076 lac,
1046 1992 1180 2090 omnisq

342 2105 521 2205 quidquid
538 2106 671 2180 deinde
687 2104 911 2179 subcrudum
937 2104 1067 2202 aliquis
1088 2128 1179 2177 assur

339 2220 439 2292 nima
454 2218 593 2292 inflatio
608 2218 650 2293 fit
666 2243 713 2292 ex
725 2220 928 2304 venatione,
950 2219 1119 2315 aucupio,
1138 2217 1178 2316 pi

340 2332 419 2419 mis,
438 2330 537 2419 oleis,
557 2331 781 2419 conchiliis·
806 2332 883 2405 ovis
908 2331 968 2404 vel
993 2329 1162 2410 mollibus

340 2444 420 2532 bus,
440 2447 526 2519 vino
540 2458 673 2520 vetere.
725 2443 941 2519 Feniculum
960 2468 1058 2531 vero,
1078 2456 1176 2517 etan

341 2555 506 2632 flationes
523 2559 631 2633 etiam
648 2558 781 2632 levant.

391 2669 561 2746 XXVII.
589 2671 644 2745 At
668 2670 897 2757 calefaciunt,
933 2671 1046 2768 piper,
1074 2667 1136 2755 sal,
1163 2693 1174 2741 t

196 2779 211 2809 ¹¹
335 2781 533 2880 jurulenta,
561 2784 697 2871 allium,
729 2810 829 2882 cepa,
861 2783 950 2857 ficus
976 2780 1085 2866 arida,
1120 2780 1173 2854 sal,

229 2934 249 2981 η·
341 2897 477 2983 vinum,
498 2910 536 2971 et
553 2923 626 2995 quo
643 2900 820 2971 meracius
843 2909 907 2983 est,
927 2921 971 2969 eo
989 2896 1115 2992 magis,
1157 2894 1172 2966 1

252 3018 272 3050 ι
341 3001 449 3093 ciera,
471 3032 626 3103 quorum
645 3011 749 3082 crudi
767 3010 889 3082 caules
908 3020 1151 3094 assumuntur,

333 3131 377 3189 et
394 3117 563 3210 lactuca;
582 3122 670 3193 item
689 3121 931 3206 coriandrum,
951 3122 1127 3206 cucumis,
1148 3144 1169 3192 e

338 3229 424 3316 bita,
442 3231 538 3315 beta,
558 3255 668 3314 mora,
688 3255 820 3316 cerasa,
846 3230 940 3302 mala
957 3247 1109 3317 austera,
1138 3233 1169 3330 pi

339 3365 423 3415 caro
440 3343 545 3429 elixa,
565 3342 829 3440 praecipueque
855 3355 1011 3432 acetum,
1039 3347 1113 3419 sive
1139 3345 1168 3418 ci

339 3456 413 3529 sive
430 3456 530 3554 potio
547 3456 751 3529 assumitur.
929 3542 934 3550 .

388 3566 581 3642 X-XVIII.
608 3567 729 3640 Facile
746 3582 867 3641 autem
885 3570 982 3643 intus
1005 3595 1167 3669 corrump

243 3704 250 3724 ·
338 3682 393 3755 nis
418 3681 665 3763 fermentatus,
691 3694 728 3753 et
754 3684 915 3779 quisquis
940 3682 1031 3755 alius
1057 3709 1165 3781 quam

335 3804 401 3879 est,
429 3793 497 3880 lac,
525 3792 620 3882 mel;
647 3792 802 3890 ideoque
829 3797 938 3867 ctiam
960 3795 1165 3869 iactantiae

333 3904 522 4000 pistorium
540 3929 655 4004 opus3
684 3908 796 3978 teneri
816 3910 942 4004 pisces,
969 3920 1096 4007 ostrea,
1124 3909 1164 3982 ot

334 4027 373 4088 et
401 4039 527 4088 recens
553 4028 591 4091 et
617 4031 732 4103 vetus,
766 4044 884 4091 crassa
913 4018 972 4092 vel
998 4033 1164 4094 tenerae

337 4125 456 4214 dulce,
475 4127 643 4215 mulsum,
660 4130 857 4218 defrutum,
873 4157 1015 4229 passum
1029 4162 1040 4222 ;
1060 4133 1164 4231 quid(

334 4239 391 4313 vel
402 4238 632 4338 jurulentum
650 4256 714 4328 est,
736 4242 792 4316 vel
811 4245 916 4317 nimis
935 4245 1054 4331 dulce,
1065 4246 1122 4319 vel
1139 4271 1162 4318 n

333 4353 388 4427 At
398 4354 545 4426 minime
559 4355 656 4427 intus
670 4357 853 4443 vitiantur,
870 4359 972 4455 panis
990 4360 1065 4431 siue
1079 4359 1163 4432 feru

357 4495 370 4523 ⁸
384 4493 457 4548 Idem
468 4494 538 4566 quod
551 4496 703 4566 conchyliis,
719 4496 760 4550 rol
774 4496 907 4551 conchulis
919 4497 945 4552 in
958 4497 1052 4570 popina
1065 4499 1163 4570 proxin
