2858 5296
292 348 346 418 44
675 362 970 414 memmenni
1006 395 1009 399 -

291 541 467 617 devorare
486 559 611 638 'aeque
629 539 718 613 nihil
744 539 879 639 possit,
910 550 975 614 aut
991 537 1053 612 cui
1077 538 1136 611 sin

291 655 395 730 tinus
418 651 530 728 febris
555 665 594 728 et
619 652 747 728 ultima
772 652 935 750 corporis
962 650 1137 726 infirmita

290 769 363 855 cui,
389 765 491 841 febre
520 789 594 839 non
613 767 837 864 quiescente,
864 765 1025 839 exterior
1040 788 1124 863 pars

289 881 402 955 terior
416 880 470 953 sic
486 877 593 964 calet,
613 893 656 952 ut
672 878 780 954 etism
799 878 897 952 sitim
914 875 1048 970 faciat3
1067 892 1132 952 aut

288 1016 406 1092 aeque
435 1015 510 1066 non
536 992 760 1090 quiescente,
788 989 896 1064 simul
923 1003 961 1066 et
979 990 1140 1065 delirioe

288 1104 503 1181 difficultate
519 1116 674 1180 vexatur
688 1134 699 1193 ;
726 1115 791 1179 aut
807 1105 884 1203 qui,
903 1115 1014 1202 epoto
1029 1115 1142 1178 veratr

289 1231 349 1294 tus
366 1219 587 1294 distentione
603 1241 799 1292 nervorum
815 1230 894 1309 est3
919 1229 985 1291 ant
1001 1218 1065 1315 qui
1081 1217 1142 1291 ebr

288 1334 372 1408 tuit
425 1331 462 1405 Is
479 1332 576 1405 enim
603 1330 680 1406 fere
711 1355 905 1405 nervorum
929 1331 1144 1405 distentione

289 1457 360 1534 tur,
390 1445 459 1518 nisi
485 1457 551 1518 aut
579 1443 691 1518 febris
717 1446 882 1531 accessit,
911 1456 976 1517 aut
1005 1467 1051 1517 eo
1078 1455 1145 1518 tem

289 1558 444 1635 ebrietas
462 1555 553 1631 solvi
570 1557 692 1645 debet,
710 1557 809 1656 loqui
827 1559 959 1657 coepit.

127 1696 244 1748 sumtu
340 1671 481 1747 Mulier
506 1695 653 1770 quoque
678 1671 830 1770 gravida
850 1683 961 1745 acuto
983 1670 1110 1745 morbo
1134 1669 1148 1744 l

125 1779 273 1884 ffiffl*
289 1788 466 1876 sumitur3
497 1798 534 1860 et
551 1787 592 1873 is,
621 1787 682 1860 cui
700 1809 848 1860 somnus
876 1783 1039 1858 dolorem
1064 1809 1149 1882 aug<

288 1901 465 1999 protinus,
496 1900 536 1974 in
562 1901 701 1974 recenti
719 1899 857 1985 morbo,
890 1896 970 1971 bilis
987 1910 1066 1972 atra
1093 1896 1151 1972 vel

287 2038 397 2112 supra
414 2038 453 2087 se
469 2011 629 2086 ostendit
644 2042 656 2102 ;
681 2013 787 2085 cuive
804 2011 980 2086 alterutro
997 2010 1110 2084 modo
1126 2034 1152 2084 st

287 2152 374 2203 cum
385 2127 464 2225 jam
481 2123 595 2223 longo
609 2125 736 2198 morbo
752 2150 885 2223 corpus
902 2124 981 2223 ejus
995 2136 1090 2200 esset
1107 2148 1153 2198 ex

287 2253 327 2316 et
342 2240 524 2315 affectum.
577 2236 733 2337 Sputum
760 2241 870 2312 etiam
900 2236 1082 2324 biliosum,
1111 2247 1151 2312 et

287 2365 379 2443 tum,
398 2355 474 2428 sive
491 2354 684 2451 separatim
701 2353 780 2438 ista,
808 2353 883 2425 sive
902 2353 1016 2423 mixta
1041 2374 1156 2449 prove

286 2469 416 2545 teritus
448 2466 653 2566 periculum
683 2465 893 2541 ostendunt
957 2463 1017 2537 Ac
1048 2466 1078 2538 si
1107 2466 1158 2538 cir

286 2606 389 2657 mum
417 2582 515 2656 diem
544 2580 614 2656 tale
645 2604 724 2654 esse
754 2580 886 2678 coepit,
918 2579 1124 2676 proximum
1151 2603 1159 2651 r

287 2698 386 2771 circa
402 2695 757 2796 quartumdecimum
776 2693 873 2768 diem
892 2691 1058 2777 decedat,
1078 2692 1161 2762 nisi:

285 2811 436 2884 meliora
452 2810 621 2909 pejorave
639 2810 884 2883 accesserint:
905 2829 1009 2904 quae,
1026 2829 1099 2902 quo
1118 2803 1163 2878 let

285 2923 431 2995 viorave
449 2925 643 2996 subsecuta
661 2935 757 3009 sunt,
778 2948 822 2995 eo
839 2920 897 2995 vel
914 2920 1084 2992 seriorem
1103 2941 1164 2990 mo

286 3034 519 3108 maturiorem
539 3032 769 3107 denuntiant.
823 3032 942 3106 Sudor
967 3029 1166 3129 quoquest

286 3159 396 3222 acuta
424 3145 526 3219 febre
553 3144 746 3243 pestiferos
773 3156 851 3218 est:
887 3157 997 3242 atque
1024 3147 1060 3216 in
1087 3166 1168 3217 omn

286 3262 454 3343 vomitus,
473 3259 537 3355 qui
551 3259 681 3343 varius,
702 3269 739 3331 et
751 3256 950 3330 multorum
963 3259 1127 3331 colorum
1145 3280 1169 3330 e

287 3375 480 3472 cipueque,
500 3373 530 3445 si
547 3369 664 3444 malus
680 3371 717 3443 in
735 3369 807 3443 hoc
825 3369 916 3442 odor
933 3382 999 3444 est.
1052 3370 1113 3445 Ac
1127 3395 1171 3444 sar

286 3510 433 3584 quoque
459 3486 498 3558 in
514 3482 617 3560 febre
642 3484 835 3570 vomuisse,
866 3482 1082 3582 pestiferum
1110 3497 1173 3560 est.

287 3623 376 3673 vero
403 3599 512 3672 rubra
529 3608 567 3672 et
592 3601 711 3672 tenuis
737 3599 773 3668 in
792 3622 926 3695 magna
952 3596 1133 3671 cruditate
1160 3621 1175 3671 ε

286 3714 431 3803 suevit3
451 3724 489 3786 et
505 3736 625 3810 saepe,
644 3722 839 3809 antequam
851 3713 967 3809 spatio
988 3722 1177 3785 maturescr

286 3847 371 3898 nem
390 3825 505 3921 rapit:
537 3826 671 3923 itaque,
704 3825 733 3895 si
751 3822 831 3898 talis
857 3823 993 3897 diutius
1021 3849 1177 3921 perman«

286 3935 412 4011 culum
430 3939 555 4010 mortis
580 3935 751 4010 ostendit.
806 3937 965 4010 Pessima
982 3951 1103 4011 tamen
1122 3950 1178 4012 est

288 4072 434 4150 pueque
452 4047 649 4136 mortifera,
677 4052 791 4148 nigra,
820 4074 948 4136 crassa,
977 4052 1063 4123 mali
1088 4052 1177 4125 odor

288 4189 361 4264 que
390 4165 428 4236 in
454 4162 538 4236 viris
566 4161 714 4260 quidem
741 4179 778 4236 et
804 4163 1013 4238 mulieribus
1041 4164 1121 4238 talis
1149 4164 1177 4237 d

287 4289 367 4353 est:
396 4277 434 4349 in
452 4277 572 4373 pueris
589 4300 687 4363 vero,
716 4300 808 4374 quae
835 4277 954 4350 tenuis
971 4289 1009 4351 et
1025 4277 1177 4352 dilutae

288 4414 357 4464 vus
374 4413 520 4488 quoque
548 4389 655 4474 varia,
684 4387 854 4486 pestilera
871 4402 927 4463 est
951 4415 1044 4486 quac
1075 4384 1177 4486 st'rigr
