2858 5296
10 39 1000 511 μ

196 1212 452 1298 LECTORI
483 1208 777 1312 SALUTEM,
809 1214 861 1296 Ε.
883 1214 943 1297 Μ.

70 1850 236 1934 Consum
256 1851 511 1936 decennium
530 1849 618 1938 fere
636 1867 736 1938 ante
761 1852 950 1952 edituris,
979 1852 1113 1936 oonsi-

69 1986 161 2072 lium
181 1992 302 2073 nobis
333 2004 423 2072 erat
451 2006 503 2074 ut
531 2006 672 2076 textus
692 1995 918 2076 Tuncrum
947 1993 1114 2075 castita-

66 2142 153 2227 tem,
172 2161 270 2213 cum
290 2133 544 2241 synonymis,
572 2163 681 2244 quae
700 2136 916 2218 scientiam
936 2132 1114 2217 recenti-

65 2269 139 2349 oris
176 2270 410 2352 medicinae
447 2300 543 2353 cum
581 2274 756 2384 antiqua
788 2273 1112 2369 communicent,

63 2403 277 2490 illustratis
297 2437 384 2490 una
403 2407 504 2492 locis
529 2410 692 2521 aliquot
720 2411 901 2496 auctoris
920 2411 1111 2493 omnium

63 2547 225 2652 quidem
247 2546 500 2631 Latinorum
520 2551 700 2634 maxime
718 2552 937 2663 perspicui,
955 2578 1112 2662 paucu-

63 2681 106 2764 lis
137 2687 291 2795 utique
328 2688 401 2769 sed
435 2688 638 2771 vixdum
676 2693 775 2773 satis
813 2690 1111 2800 intelligendis,

63 2829 310 2934 conjungere
332 2828 573 2908 niteremur.
635 2830 714 2912 His
734 2859 848 2912 nunc
867 2830 1114 2940 prodeunti-

64 2962 130 3043 bus
160 2966 297 3046 additi
333 2981 434 3046 sunt
467 2965 584 3048 tituli
622 2970 816 3078 perpetui
851 2964 1113 3072 marginales,

66 3099 258 3207 plurimae
279 3103 457 3202 tabulae,
487 3104 666 3213 legendo
695 3103 902 3211 imprimis
932 3130 1113 3185 necessa

73 3239 170 3331 riac3
186 3244 318 3324 index
337 3245 506 3325 demum
527 3272 681 3340 rerum,
701 3243 887 3324 omnium
908 3242 1110 3327 hactenus

70 3380 390 3485 copiosissimus;
429 3382 635 3492 farragine
664 3381 812 3464 saltem
842 3382 1110 3465 Murranum

65 3535 241 3629 excepta

113 3657 314 3756 Tscrrrm,
328 3662 521 3742 manibus
534 3661 785 3743 Bnormnns
797 3659 916 3771 prelo
928 3661 1112 3742 Vmero-

60 3825 111 3877 so
126 3811 314 3894 ornatus
325 3803 411 3908 jam
429 3801 548 3880 nobis
563 3801 814 3897 ostenderat,
828 3811 949 3880 textu
965 3800 1115 3880 immu-

59 3952 159 4034 tato,
180 3939 451 4019 veterrimum
473 3940 662 4047 quemvis
692 3940 878 4046 itemque
898 3936 1116 4018 Latinissi-

57 4104 174 4156 mum
188 4076 433 4184 scriptorem
445 4079 586 4186 captui
601 4077 892 4172 recentiorum,
903 4074 978 4183 qui
990 4075 1116 4156 modo

57 4213 202 4296 literas
223 4215 389 4312 scirent,
409 4214 531 4297 facile
550 4215 851 4298 accommodari
870 4241 1012 4323 posse:
1039 4243 1116 4297 nec

57 4355 166 4436 alius
185 4355 330 4464 prodit
349 4384 463 4437 nunc
483 4356 646 4437 Cnosos
662 4368 815 4451 noster,
835 4381 888 4433 ne
908 4365 1004 4460 toga
1023 4352 1118 4461 qui-

56 4494 153 4574 dem
175 4496 349 4603 abjecta,
378 4495 451 4575 sed
481 4495 564 4575 situ
596 4493 872 4603 squaloreque
896 4491 1118 4571 vetustatis

56 4646 248 4739 purgata,
263 4644 308 4711 et
328 4660 351 4711 a
369 4632 555 4712 moribus
572 4633 824 4741 ingenioque
841 4626 1120 4711 recentiorum
