2858 5296
324 324 376 401 66
705 352 740 400 A.
760 349 872 400 cortu.
893 348 999 399 cnnsr

327 521 460 598 liculua
476 543 624 620 quoque
642 533 708 598 aut
735 519 923 621 pultarius,
944 521 1017 596 oris
1043 539 1207 618 comptor

327 635 381 710 rei
397 633 591 710 commode
607 647 765 735 aptatur.
817 635 893 710 Ubi
904 633 1069 718 inhaesit,
1087 633 1120 707 si
1133 653 1205 707 con

327 745 500 847 scalpello
512 749 608 824 cutis
620 762 687 838 est,
700 750 914 849 sanguinem
925 745 1101 833 extrahit3
1120 745 1203 820 siim

328 860 508 961 spiritum.
558 860 660 961 Ergo
677 863 742 937 ubi
759 862 920 945 materia.
946 884 1041 960 quae
1056 859 1156 933 intus
1172 881 1201 935 er

327 972 393 1048 illo
408 973 520 1050 modo
533 1004 546 1068 ;
564 974 629 1049 ubi
639 973 789 1063 inflatio,
808 974 879 1049 hoc
895 974 1036 1074 imponi
1051 970 1153 1046 solet

328 1099 405 1162 tem
421 1086 674 1164 cucurbitulae
699 1089 918 1187 praecipuus
945 1097 1011 1174 est,
1040 1086 1105 1161 ubi
1133 1105 1198 1171 nor

329 1223 493 1300 corpore,
512 1199 577 1275 sed
593 1201 632 1275 in
649 1214 753 1299 parte
782 1200 904 1301 aliqua
932 1201 1063 1276 vitium
1091 1210 1159 1286 est,
1187 1222 1196 1270 i

329 1312 465 1387 hauriri
481 1311 530 1389 ad
546 1312 832 1389 confirmandam
843 1311 1091 1388 valetudinem
1102 1310 1190 1386 satis

329 1449 403 1525 que
418 1426 539 1524 ipsum
555 1427 805 1502 testimonium
822 1438 888 1513 est,
914 1427 1023 1501 etiam
1050 1419 1193 1523 scalpell

328 1561 426 1626 nem,
457 1538 523 1613 ubi
551 1540 716 1615 membro
744 1541 981 1626 succurritur,
1009 1539 1054 1613 ab
1081 1561 1125 1612 ea
1156 1559 1192 1635 p(

328 1661 444 1750 parte,
463 1651 647 1752 quaejam
664 1651 761 1728 laesa
772 1665 839 1742 est,
855 1677 932 1727 esse
945 1648 1188 1726 mittendum.

327 1787 391 1838 mo
407 1765 677 1842 cucurbitulam
694 1766 857 1841 diversae
884 1765 979 1865 parti
1006 1762 1173 1862 imponit,

327 1875 577 1976 profusionem
593 1880 780 1978 sanguinis
797 1902 842 1954 eo
859 1879 1017 1970 avertit3
1043 1874 1156 1950 sed
1126 1872 1187 1949 eri

328 1987 441 2077 dolet,
459 2015 627 2093 quaeque
643 1990 832 2070 liberanda
848 2003 916 2066 est.
966 1987 1076 2088 Opus
1096 1987 1186 2063 enan

329 2102 513 2178 curbimla
539 2115 661 2203 potest
689 2105 727 2178 in
757 2103 892 2178 morbis
918 2101 1048 2201 longis,
1081 2121 1184 2200 quarn

323 2214 402 2315 jam
431 2217 589 2316 spatium
616 2215 765 2315 aliquod
793 2216 972 2309 accessit;
999 2216 1076 2290 sive
1104 2235 1183 2288 corr

329 2328 432 2417 teria,
469 2329 548 2404 sive
580 2330 711 2428 spiritu
744 2328 837 2404 male
866 2328 1046 2403 habente:
1082 2326 1123 2400 in
1148 2350 1182 2401 ar

332 2465 405 2540 que
435 2441 665 2544 quibusdam,
700 2443 795 2516 siet
821 2441 934 2516 levari
960 2463 1093 2539 corpus
1122 2436 1181 2512 del

331 2578 427 2630 vena
459 2557 674 2655 sanguinem
707 2555 805 2631 mitti
834 2556 928 2629 vires
954 2579 1028 2628 non
1058 2552 1179 2650 patiun

331 2692 405 2767 que
421 2668 599 2744 auxilium
616 2681 659 2744 ut
675 2671 795 2743 minus
811 2668 1018 2755 vehemens,
1037 2667 1088 2740 ita
1103 2688 1178 2762 map

330 2804 453 2880 neque
469 2807 633 2882 unquam
650 2782 894 2882 periculosum
905 2794 970 2866 est,
981 2779 1122 2854 etiamsi
1133 2779 1173 2851 in

329 2892 403 2965 bris
419 2895 572 2994 impetu,
592 2898 734 2970 etiamsi
750 2898 789 2968 in
812 2895 990 2970 cruditate
1015 2890 1175 2965 adiubes

328 3027 402 3102 que
419 3004 483 3078 ubi
502 3009 718 3103 sanguinem
744 3009 842 3082 mitti
868 3030 961 3105 opus
990 3016 1055 3092 est,
1083 3005 1113 3078 si
1140 3004 1175 3076 in

327 3138 502 3213 praeceps
518 3117 723 3212 periculum
736 3130 802 3204 est,
814 3132 879 3192 aut
889 3121 919 3191 si
930 3120 969 3191 in
982 3129 1084 3217 parte
1097 3140 1173 3215 cor}

328 3226 459 3300 vitium
476 3240 543 3316 est,
562 3228 637 3303 huc
654 3231 776 3327 potius
803 3228 1094 3325 confugiendum
1122 3241 1172 3302 est

328 3348 464 3465 tamen,
482 3352 526 3415 ut
542 3342 710 3428 sciamus,
728 3341 790 3415 hic
807 3354 850 3416 ut
866 3340 1008 3415 nullum
1026 3339 1171 3441 periculi

327 3451 409 3527 tius
425 3438 646 3552 praesidium
676 3478 780 3547 esse;
807 3479 878 3528 nec
904 3479 1009 3554 posse
1037 3453 1170 3528 vehem

327 3564 398 3640 uisi
414 3591 531 3666 aeque
547 3566 743 3643 vehemens
760 3567 939 3642 auxilium
957 3590 1170 3642 succurrere

260 3693 267 3742 i
376 3676 471 3756 XII.
523 3688 558 3757 l.
584 3679 841 3781 Dejectionem
866 3699 989 3756 autem
1015 3680 1157 3779 antiqui

325 3789 553 3882 dicamenns
590 3794 789 3891 crebraque
823 3793 895 3869 alvi
928 3796 1102 3870 ductione
1134 3793 1167 3866 iu

325 3926 442 4000 paene
454 3907 590 3981 morbis
606 3907 874 3982 moliebantur:
901 3908 1107 4005 dabantque
1138 3931 1167 3979 ar

325 4029 550 4105 veratrum*
585 4006 653 4096 aut¹
684 4019 894 4108 filiculam,b
932 4034 996 4094 aut
1029 4043 1166 4118 squama

358 4171 373 4200 ⁸
391 4172 566 4228 Hellebomrn
576 4175 691 4249 nigrum,
704 4176 735 4230 L.
748 4175 810 4228 Vid
821 4179 888 4228 Aur.
901 4176 986 4228 Gru.
999 4175 1076 4230 Noot.
1089 4175 1146 4229 Au.
1159 4191 1165 4227 r

359 4256 374 4296 b
391 4255 532 4328 Aspidium
544 4258 617 4313 Filix
629 4277 694 4325 mas,
713 4259 819 4312 Pharm.
833 4257 911 4312 Ediu.
927 4263 1011 4323 lem
1028 4259 1087 4312 aliis
1099 4258 1165 4329 Poly

324 4359 404 4406 num;
424 4339 482 4394 aliis
494 4339 527 4394 P.
541 4341 709 4416 Dryopteris,
720 4342 779 4398 aliis
793 4342 823 4394 P.
837 4341 908 4395 Filix
920 4359 986 4407 mus,
994 4341 1053 4396 aliis
1062 4342 1093 4396 P.
1104 4342 1164 4396 aoul

324 4425 385 4480 Pin.
397 4430 457 4480 357.
469 4429 530 4478 358.

298 4536 301 4541 Δ
359 4506 572 4579 tPouoxydum
594 4510 678 4584 cupri,
701 4510 744 4565 vel
767 4509 860 4584 Cyprii
880 4509 963 4576 aoris;
981 4509 1069 4568 colore
1089 4509 1164 4583 nigro
