2858 5296
352 357 400 434 26
727 382 762 430 A.
781 380 894 431 cons.
913 376 1018 429 coner

193 566 305 616 neem
404 553 517 642 Quod
533 552 581 629 ad
595 564 733 646 aetates
750 577 836 629 vero
851 553 1020 655 pertinet,
1046 548 1173 627 inedie

352 668 533 744 sustinent
564 667 706 743 mediae
730 678 878 751 aetates,
910 666 1030 741 minus
1056 663 1172 764 juven

351 781 457 880 pueri
475 792 514 857 et
529 791 717 857 senectute
734 775 907 855 confecti.
958 776 1046 865 Quo
1062 779 1172 851 mium

352 894 517 992 quisque,
534 918 579 969 eo
603 895 745 993 saepius
770 891 882 968 debet
908 891 1032 977 cibum
1060 910 1172 975 assum

352 1030 485 1106 meque
517 1030 564 1083 eo
592 1018 687 1105 eget,
719 1005 783 1103 qui
810 1005 992 1081 increscit.
1043 1002 1171 1085 Calida

350 1119 474 1219 pneris
489 1130 529 1195 et
544 1118 690 1195 senibus
706 1130 792 1218 apte
808 1129 874 1192 est
925 1117 1065 1192 Vinum
1091 1114 1171 1191 dilu

351 1232 499 1307 senibus
515 1232 704 1320 meracius,
723 1233 844 1306 neutri
860 1231 982 1320 aetati,
1001 1254 1095 1330 quae
1111 1226 1171 1305 infl

351 1359 450 1421 vent
500 1344 687 1423 Juvenum
705 1345 835 1432 minus,
848 1368 944 1444 quae
957 1355 1170 1430 assumant:

350 1470 537 1546 curentur,
555 1459 719 1534 interest
771 1456 916 1546 Quibus
934 1458 1132 1558 juvenibus
1157 1456 1170 1530 i

349 1569 618 1672 plerumquein
632 1584 821 1648 senectute
839 1573 1085 1649 contrahiturt
1112 1571 1171 1672 qui

350 1682 526 1760 lescentis
540 1684 613 1762 fuit
630 1686 812 1774 adstricta,
832 1711 940 1786 saepe
955 1687 994 1761 in
1018 1697 1170 1765 senectu

351 1794 489 1874 Melior
505 1811 561 1874 est
575 1812 699 1876 nutem
716 1801 756 1874 in
773 1799 912 1899 juvene
928 1798 1053 1886 fusior,
1078 1799 1117 1872 in
1141 1822 1170 1874 nt

351 1912 433 1987 tior.

219 2052 262 2104 nu
401 2022 567 2124 Tempus
584 2049 731 2125 quoque
755 2026 842 2100 anni
858 2023 1088 2100 considerare
1104 2046 1170 2122 opo

218 2136 244 2169 ¹²¹
277 2135 311 2170 Γ*
350 2160 410 2211 me
426 2135 509 2235 plus
528 2160 608 2212 esse
624 2139 796 2215 convenit
806 2167 819 2231 ς
838 2139 971 2226 minus,
985 2137 1051 2213 sed
1064 2161 1170 2216 meru

350 2248 468 2327 multo
484 2274 579 2349 pane
595 2251 662 2339 uti,
681 2274 790 2325 cerne
802 2251 924 2348 potius
941 2250 1047 2340 elixa,
1060 2251 1170 2327 modi<

351 2363 464 2439 semel
482 2363 542 2439 die
559 2364 683 2462 cibum
702 2388 844 2463 capere,
864 2365 933 2438 nisi
948 2366 979 2438 si
995 2366 1101 2439 nimis
1119 2387 1170 2440 ver

353 2494 414 2554 tus
431 2488 497 2553 est.
549 2476 587 2553 si
603 2475 761 2576 prandet
775 2477 915 2575 aliquis,
935 2478 1059 2555 utilius
1076 2490 1132 2553 est
1147 2502 1169 2554 e

354 2590 455 2691 quid,
473 2601 512 2666 et
526 2591 646 2690 ipsum
663 2592 801 2667 siccum
814 2593 893 2666 siue
922 2616 1042 2680 cerne,
1074 2593 1151 2667 sine

353 2729 466 2781 mere.
529 2703 587 2779 Eo
620 2716 785 2805 tempore
812 2705 900 2779 anni
927 2703 1052 2779 calidis
1086 2728 1171 2780 omn

355 2818 534 2892 utendum
548 2829 614 2907 est,
634 2817 692 2893 vel
710 2817 867 2894 calorem
885 2818 1127 2895 moventibus.

355 2953 565 3029 nonaeque
594 2932 798 3029 perniciosa
825 2944 890 3008 est.
942 2932 999 3007 At
1027 2957 1111 3021 vere
1140 2957 1171 3031 p

355 3040 593 3130 demendum,
632 3041 952 3144 adjiciendumque
977 3046 1128 3145 potioni,
1160 3069 1172 3120 ε

355 3168 477 3228 tamen
494 3153 696 3227 bibendum
713 3167 791 3246 est;
819 3159 934 3256 magis
951 3183 1061 3233 carne
1079 3172 1172 3233 utem

356 3267 540 3360 oleribus;
568 3267 830 3342 transeundum
859 3271 1034 3367 paulatim
1064 3271 1112 3346 nd
1129 3296 1172 3348 as

358 3381 487 3456 Venus
504 3405 551 3456 eo
566 3392 729 3479 tempore
745 3382 831 3460 anni
844 3383 1021 3458 tutissima
1031 3396 1099 3458 est.
1148 3383 1173 3458 A

356 3506 395 3571 et
410 3495 559 3594 potione
575 3505 613 3568 et
629 3494 713 3569 cibo
738 3496 879 3594 saepius
908 3521 1041 3596 corpus
1066 3509 1173 3596 egetr

270 3696 271 3699 Ἴ
355 3608 441 3684 dere
459 3632 608 3707 quoque
624 3608 858 3683 commodum
876 3622 939 3684 est
990 3609 1047 3685 Eo
1076 3625 1173 3710 temp

356 3746 417 3796 ma
432 3734 518 3797 sunt
533 3733 573 3796 et
585 3746 669 3796 caro
686 3732 724 3795 et
740 3721 819 3795 olus
833 3751 845 3815 ς
872 3723 973 3822 potio
990 3748 1100 3822 quam
1117 3723 1174 3798 dib

356 3845 395 3908 et
411 3834 506 3908 sitim
524 3834 638 3924 tollat,
657 3858 727 3909 nec
744 3860 877 3934 corpus
893 3835 1091 3930 incendnt3
1109 3836 1175 3937 frig

357 3970 443 4021 curo
459 3971 548 4035 assa,
566 3947 690 4048 frigidi
707 3948 789 4037 cibi,
809 3947 867 4023 vel
892 3951 956 4048 qui
979 3948 1175 4048 refrigeren

357 4060 440 4161 pius
473 4070 597 4135 autem
624 4062 707 4137 cibo
736 4060 926 4150 utendum,
961 4064 1014 4137 sic
1043 4065 1176 4161 exiguo

358 4184 575 4247 autumnum
589 4199 685 4262 vero,
699 4175 953 4273 proptercoeli
966 4178 1176 4252 varietatem

357 4286 556 4361 maximum
573 4298 638 4361 est
691 4286 822 4386 Itaque
839 4312 958 4387 neque
972 4292 1048 4364 sine
1061 4302 1174 4378 veste,

358 4398 611 4475 calceamentis
623 4399 768 4498 prodire
793 4415 947 4501 oportet,
979 4405 1178 4502 praecipue«
