2858 5296
384 760 506 812 ranna
526 761 745 825 ainnohun,
765 762 848 814 arc.
1051 755 1162 826 xxxiii

107 955 162 1005 nm,
181 935 260 996 Ano
276 952 419 996 numu.
462 936 600 996 Ruellius
624 938 654 995 ia
679 937 828 1017 plerisque
849 940 1020 1002 ommam
1039 957 1087 1007 est
1110 970 1155 1008 se.

104 1041 186 1088 utu
219 1031 297 1104 Quae
326 1030 394 1108 ipse
416 1030 554 1100 mutauit,
575 1050 669 1108 pauca
694 1042 766 1090 sunt
790 1053 884 1110 eaque
911 1055 949 1092 ex
975 1037 1068 1098 MSS.
1088 1041 1153 1102 sere

108 1132 195 1181 m

132 1213 446 1295 &Lugdunensis
468 1215 561 1275 Anno
584 1234 713 1275 aaran.
726 1216 806 1294 apud
833 1216 1037 1280 Sebastianum
1061 1224 1141 1304 Gry.

97 1303 184 1382 ph
224 1309 287 1382 Qui
310 1308 390 1366 hane
410 1308 570 1368 editionem
591 1309 754 1377 adornavit,
778 1308 937 1370 Aldinaet
959 1314 1138 1387 Caesarium

92 1395 139 1456 dr.
148 1416 339 1459 xnmvrn.
348 1401 480 1460 maxime
490 1421 561 1459 usus
576 1401 709 1471 videtur;
723 1413 811 1480 atque
825 1400 875 1459 uhi
890 1403 1141 1478 alterutravariat‚

89 1492 248 1572 maeque
268 1494 439 1552 adnotavit
482 1494 628 1573 Pleraque
644 1495 773 1553 Caesarii
794 1494 914 1565 scholia,
930 1517 1041 1575 suaque
1055 1500 1140 1558 etism

87 1584 213 1642 mulla
225 1585 350 1664 adjecit.

114 1675 213 1735 Editio
224 1678 386 1738 Guilielmi
399 1678 528 1736 Pautini.
568 1677 705 1736 Basileae
712 1678 790 1756 apud
801 1680 950 1740 Joannem
962 1680 1139 1759 oporinum,

80 1766 130 1826 An.
143 1788 250 1828 rrum.
295 1771 385 1829 Duas
394 1782 510 1828 tautum
519 1769 663 1828 editiones
676 1771 820 1829 consuluit
834 1772 978 1831 Pantinus
993 1773 1135 1833 Aldinam

78 1860 178 1920 ailioes
189 1876 222 1921 et
236 1865 461 1932 Caesarianam,
483 1863 544 1921 An.
558 1880 743 1922 mnxxxvrrr.
756 1885 795 1922 ex
814 1863 919 1942 quibus
932 1865 1052 1924 tertiam
1065 1887 1134 1924 eon·

76 1953 145 2023 iecit,
166 1976 243 2033 quae
265 1977 335 2014 cum
363 1956 539 2034 Gryphiana
560 1956 623 2014 fere
647 1957 792 2016 convenit.
834 1957 870 2015 ln
897 1957 1132 2018 enarrationibus

76 2045 251 2123 conjecturas
265 2048 376 2117 attulit,
398 2047 505 2127 quihus
518 2047 583 2106 loca
597 2048 748 2126 quaedam,
769 2069 845 2126 qnae
859 2049 914 2127 ipsi
935 2063 1074 2129 corrupta
1088 2052 1130 2109 vi·

78 2137 228 2208 debentur,
242 2142 358 2199 restitui
372 2152 503 2220 possent

110 2231 215 2290 Editio
228 2232 353 2293 Roherti
369 2234 565 2294 Constantini.
606 2233 745 2312 Lugduni
759 2231 838 2310 apud
856 2233 1047 2295 Guilielmnm
1066 2237 1127 2296 Ro·

74 2322 192 2394 sillium,
214 2326 305 2385 Anno
325 2345 465 2387 nnnxvr.
506 2327 591 2386 Haec
614 2327 705 2386 editio
723 2346 743 2384 a
766 2325 939 2405 Gryphium
959 2326 1008 2387 vel
1022 2328 1124 2387 Panti-

70 2415 154 2476 ninna
173 2419 227 2476 rix
256 2418 373 2487 ditem
393 2420 451 2478 nisi
472 2420 551 2499 qnod
573 2439 665 2497 pauca
685 2418 827 2498 quaedam
847 2418 935 2480 hahet
961 2442 1001 2479 ex
1029 2421 1122 2480 Bael-

67 2507 146 2568 lirna
204 2513 319 2572 Vemm
355 2513 489 2592 plurimis
523 2511 757 2572 annotationibus
791 2512 900 2571 referta
932 2524 986 2584 est,
1015 2512 1121 2591 quibus

65 2603 233 2663 mentiatur
262 2605 379 2674 Celsus,
412 2605 641 2681 iliustraturque.
694 2605 814 2674 Earum,
846 2625 920 2683 quae
952 2605 990 2663 ad
1020 2626 1120 2664 emen·

65 2692 205 2755 dationem
219 2698 385 2776 pertinent,
406 2698 465 2756 duo
485 2719 595 2777 genera
614 2709 697 2756 sunt:
719 2696 843 2754 alterum
857 2717 896 2754 ex
910 2697 1039 2775 antiquis
1062 2701 1119 2758 Co-

65 2786 168 2847 dieibm
192 2791 414 2868 manuscriptis,
440 2791 583 2849 editisve:
614 2790 737 2848 aiterum
762 2810 799 2846 ex
820 2789 990 2867 conjectura
1011 2803 1118 2857 ortum,

64 2881 132 2956 quod
157 2883 308 2961 quaedum
333 2883 423 2940 etiam
447 2881 667 2960 comprehendit
691 2881 771 2958 prius
793 2902 810 2936 a
837 2881 964 2936 Pantino
986 2880 1116 2937 animad-

66 2992 151 3031 uersa.

96 3065 200 3123 Editio
217 3067 343 3124 Heni-ici
359 3066 509 3144 Stephani,
525 3067 555 3122 id
576 3077 629 3133 est,
644 3061 757 3122 Medici
778 3059 940 3136 Principes,
961 3069 1016 3117 etc.
1032 3060 1114 3118 Pari-

61 3156 117 3225 siis,
148 3158 239 3216 Anno
267 3177 416 3216 manavir.
441 3158 606 3236 Stephanus
637 3155 779 3212 Aldinam
806 3150 966 3208 editionem
994 3152 1023 3208 in
1054 3153 1114 3231 pie·

62 3250 159 3325 risque
173 3252 334 3326 expressit;
355 3253 385 3308 in
404 3251 467 3308 aliis
483 3249 679 3315 Ruellianam,
695 3242 867 3324 quibusdam
882 3242 919 3301 de
933 3264 985 3302 suo
1004 3246 1111 3321 passim

62 3341 221 3418 adspersis.

98 3433 206 3491 Editio
228 3433 361 3492 Balduini
384 3436 519 3494 Ronssei.
561 3432 698 3511 Lugduni
722 3431 901 3488 Batavorum
922 3428 1001 3507 apud
1015 3430 1108 3488 Fran·

56 3527 165 3585 ascum
188 3527 431 3606 Raphelengium
455 3526 544 3585 rinno
567 3538 689 3583 mnxcjr.
731 3521 813 3581 Nihil
837 3523 986 3580 Ronsseus
1001 3523 1030 3578 in
1045 3534 1110 3581 tex·

54 3631 115 3677 tum
130 3620 243 3687 intulit,
263 3621 344 3698 quod
364 3641 422 3677 nou
437 3621 466 3677 in
481 3620 579 3697 aliqua
592 3620 720 3697 priorum
742 3616 903 3673 editionum
919 3614 1110 3673 inveniretur.

54 3713 134 3785 Quin
150 3733 187 3771 ea
208 3713 282 3789 ipsa,
305 3733 379 3790 quae
399 3712 526 3789 margini
547 3710 708 3787 adscripsit,
730 3727 805 3764 nova
823 3726 881 3763 non
902 3717 979 3774 sunt,
1001 3706 1052 3763 sed
1073 3705 1110 3763 ah

52 3805 114 3863 aliis
128 3817 249 3868 sumta;
270 3804 413 3881 imprimis
433 3825 452 3861 a
474 3803 675 3871 Constantino,
696 3798 777 3876 cujus
798 3798 859 3857 fere
873 3818 974 3856 omnes
989 3809 1108 3856 annota-

50 3898 145 3956 tiones
166 3897 336 3974 exscripsit.
376 3897 585 3954 Enarrationes
606 3894 723 3972 quidem
744 3891 857 3949 addidit
872 3890 901 3946 in
916 3902 1028 3968 septem
1043 3911 1109 3968 pos·

50 3992 173 4049 teriones
201 3988 296 4047 libros
323 3990 406 4068 (nam
433 3990 463 4046 in
488 3989 585 4067 priore
613 3988 647 4044 iis
675 4005 744 4043 usus
771 3994 825 4052 est,
846 4002 918 4060 quas
941 3982 1107 4041 Hieremias

50 4083 227 4140 Thrirerius
243 4081 415 4140 Brachelius
429 4092 516 4139 antea
525 4078 712 4157 vulgaverat)
726 4074 775 4134 ubi
787 4074 1006 4132 emendationes
1020 4094 1105 4150 quas-

47 4175 113 4233 dam
126 4197 168 4232 ex
182 4174 354 4250 conjectura
367 4173 528 4251 proposuit.

85 4267 191 4326 Editio
213 4267 341 4327 Joannis
362 4265 532 4324 Antonidae
558 4262 704 4321 Lindenii.
754 4256 895 4336 Lugduni
922 4256 1102 4314 Batavorum

47 4364 122 4441 apud
144 4365 295 4423 Joannem
319 4360 506 4430 Elsevirium,
529 4359 618 4417 Anno
642 4374 787 4415 mncnvrr.
832 4353 908 4411 Usus
927 4362 971 4409 est
994 4351 1103 4409 Linde·

46 4462 109 4520 nius
137 4474 202 4518 turn
233 4457 390 4518 Codicibus
418 4456 631 4533 manuscriptis,
665 4466 729 4511 tum
756 4448 888 4528 plurimis
916 4444 1102 4504 editionibus,

43 4572 113 4628 turn,
135 4569 256 4636 praeter
271 4577 347 4621 suas,
370 4553 514 4621 Nauceiii‚
538 4551 687 4630 Scaligeri
709 4547 818 4615 Ὲοὲεἰῐ,
839 4544 1020 4619 aliorumque
1035 4561 1102 4596 eou-

38 4652 178 4727 jccturis;
200 4651 307 4731 quibus
335 4650 438 4715 multa,
467 4669 541 4726 ‹paae
570 4659 656 4705 autea
682 4653 820 4721 corrupta
841 4649 932 4708 arant,
964 4635 1102 4695 restituit..

46 4751 88 4807 De
102 4751 156 4811 hac
172 4762 272 4809 tamen
288 4747 420 4807 editione
436 4745 502 4804 vide
517 4743 669 4823 epistolam
686 4740 722 4799 ad
739 4740 902 4799 hectorem·

564 4862 578 4892 (Γ
