2858 5296
323 286 396 365 156
703 312 739 363 s.
758 312 872 365 conns
890 314 999 367 enarr

207 554 212 561 .
318 488 604 591 ertSyriac03·
626 486 1027 588 sineirlquidemest,
1053 485 1194 588 adipes

316 600 1193 703 urstissimacervieem,etscapulra,etspinamp

317 714 458 791 Frictio
473 736 560 791 cum
585 716 755 791 omnibus
769 715 809 789 in
825 713 973 791 homine
995 713 1175 791 vertebris

318 839 399 903 tum
427 828 473 903 iis
496 827 705 929 praecipue,
732 850 827 926 quae
851 827 890 901 in
915 824 1011 903 collo
1034 837 1132 901 sunt.
1184 822 1192 901 ἶ

319 952 515 1041 nocteque,
546 940 768 1039 interpositis
795 951 920 1015 tamen
949 936 1168 1040 quibusdam

317 1053 400 1141 bus,
419 1052 489 1128 boc
505 1050 669 1129 remedio
692 1050 874 1127 utendum
890 1066 969 1129 este
995 1050 1085 1127 dum
1106 1050 1191 1127 inter

317 1164 582 1266 imponendum
606 1163 788 1264 malagma
811 1164 961 1265 aliquod
985 1188 1035 1241 ex
1058 1159 1191 1239 calefac

318 1277 536 1355 Cavendum
562 1301 650 1354 vero
678 1278 876 1377 praecipue
902 1276 1044 1377 frigus:
1075 1274 1190 1377 ideoq

317 1389 494 1478 conclavi,
511 1391 551 1465 in
567 1413 643 1489 quo
659 1390 808 1466 cubabit
824 1415 945 1489 aeger,
963 1389 1058 1487 ignia
1074 1388 1190 1463 contii

317 1503 478 1592 debebit,
496 1504 729 1602 maximeque
748 1516 912 1602 tempore
929 1500 1159 1586 antelucano,
1176 1524 1190 1601 r

316 1617 426 1714 cipue
442 1614 562 1715 frigus
586 1616 802 1693 intenditur.
854 1614 990 1715 Neque
1012 1613 1141 1689 inutile
1157 1638 1190 1689 er

317 1741 503 1805 attonsum
516 1728 661 1817 habere,
679 1728 792 1829 idque
809 1730 903 1802 irino
915 1726 974 1803 vcl
990 1728 1143 1827 cyprino
1159 1750 1190 1803 cr

314 1839 497 1929 desacere,
527 1853 568 1917 et
595 1842 875 1941 superimposito
899 1839 998 1940 pileo
1022 1838 1167 1933 velare,

316 1979 426 2055 quam
453 1956 564 2031 etiam
588 1956 626 2029 in
653 1954 813 2029 calidum
838 1952 961 2029 oleum
985 1964 1105 2028 totum
1130 1949 1191 2029 der

316 2066 374 2145 vel
401 2069 440 2141 in
468 2091 601 2167 aquam
628 2066 797 2154 calidam,
833 2068 870 2141 in
901 2090 974 2166 qua
997 2065 1149 2141 foenum
1177 2066 1191 2143 l

315 2178 511 2255 decoctum
539 2179 598 2267 sit,
629 2188 667 2254 et
696 2178 840 2279 adjecta
870 2179 940 2254 olei
965 2203 1048 2279 pars
1075 2178 1191 2255 tertia.

315 2317 462 2393 quoque
479 2289 593 2367 ducta
608 2315 716 2392 saepe
733 2292 938 2389 superiores
954 2303 1075 2393 partes
1091 2288 1192 2367 resol·

315 2429 404 2481 vero
419 2404 529 2480 etiam
554 2402 805 2479 vehementius
830 2404 935 2479 dolor
958 2404 1086 2492 crevit,
1112 2400 1192 2477 adm

315 2516 519 2594 cervicibus
532 2516 784 2593 cucurbitulae
798 2528 894 2604 sunt,
907 2518 971 2604 sic,
986 2530 1029 2592 ut
1045 2516 1141 2592 cutis
1158 2517 1192 2591 in

314 2630 444 2706 eadem
470 2643 535 2705 aut
557 2628 785 2704 ferramentis
810 2642 875 2704 aut
896 2629 1012 2727 sinapi
1037 2628 1192 2703 adurenr'

315 2743 457 2818 levatus
485 2755 541 2818 est
567 2742 682 2831 dolor,
711 2743 922 2840 moverique
955 2743 1080 2816 cervix
1114 2766 1194 2841 coel

316 2855 414 2944 licet,
450 2855 583 2932 cedere
612 2856 782 2930 remediis
814 2856 993 2929 morbum.
1047 2853 1117 2929 Sed
1153 2854 1192 2928 di

315 2968 384 3042 dus
401 2969 516 3055 cibus,
550 2971 713 3068 quisquis
738 2969 965 3044 mandendus
982 2981 1048 3043 est.
1101 2967 1193 3043 Sorb

315 3082 508 3170 utendum,
540 3084 702 3181 itemque
732 3086 811 3158 ovis
840 3082 1042 3170 sorbilibus,
1071 3095 1135 3157 aut
1167 3106 1194 3155 n

307 3195 371 3295 jus
396 3192 544 3292 aliquod
569 3194 839 3268 assumendum.
893 3194 940 3268 Id
965 3197 994 3268 si
1019 3196 1113 3269 bene
1136 3218 1194 3294 prr

306 3309 458 3409 jamque
476 3331 522 3381 ex
540 3319 619 3382 toto
636 3322 735 3381 recte
753 3331 791 3380 se
809 3307 942 3381 habere
957 3309 1116 3383 ceruices
1128 3305 1193 3382 vid

312 3419 563 3519 incipiendum
574 3419 675 3494 erita
686 3416 875 3517 pulticula,
889 3418 947 3493 vel
960 3420 1085 3494 intrita
1096 3420 1191 3495 bene

314 3534 479 3610 Celerius
504 3548 625 3609 tamen
651 3533 760 3606 etiam
785 3533 889 3631 panis
914 3530 1155 3619 mandendus,
1176 3556 1195 3631 q

313 3671 403 3723 num
431 3644 681 3748 gustandum:
709 3645 889 3743 siquidem
915 3643 1023 3744 hujus
1053 3669 1140 3719 usus
1168 3669 1194 3745 p

348 3950 362 3980 ,
373 3919 390 3945 “
401 3914 502 3985 Sponte
513 3911 632 3967 nascitur
643 3910 672 3963 in
687 3909 780 3983 Syriae
791 3909 931 3964 maritimis
941 3909 1013 3981 quod
1025 3906 1157 3963 Eleomeli
1168 3924 1197 3964 r<

311 4004 359 4052 nat
370 4014 405 4051 ex
426 3996 564 4051 arboribus
575 3995 626 4066 (ex
639 3993 704 4067 ipsis
716 3993 791 4059 oleis,
801 3993 880 4048 xxiii.
889 3995 929 4068 4.)
940 3994 1047 4066 pingue,
1058 3992 1197 4048 crassiusn

314 4079 430 4144 tenuius,
441 4096 534 4149 sapore
546 4078 618 4133 dulei
625 4097 633 4142 ς
653 4084 681 4131 et
691 4076 743 4132 hoc
755 4076 889 4130 modicis.”
909 4076 985 4131 Prin.
993 4094 1038 4130 xv.
1050 4081 1084 4142 Ἲς
1097 4074 1175 4130 xxiii.
1186 4078 1198 4130 4

315 4172 369 4219 tum
383 4162 486 4218 dolores
495 4162 565 4216 circa
576 4178 673 4216 nervos
680 4159 786 4230 juvat”
823 4159 915 4215 Drosc.
929 4159 947 4213 i.
959 4165 1001 4214 29.

348 4246 475 4302 ¹²Confer
500 4243 695 4299 Hamiltonium
720 4242 753 4296 de
770 4243 940 4328 purgantium
963 4243 992 4297 in
1016 4243 1119 4298 Tetano
1139 4261 1198 4298 run.

318 4333 414 4402 L'tility
426 4332 462 4402 qs
468 4330 616 4398 Purpative
627 4327 785 4381 Medicinas.

825 4438 841 4486 ³
