2858 5296
336 366 384 435 10
717 379 754 429 a.
772 376 884 428 conr.
903 376 1009 429 canar

328 556 438 645 duci:
464 551 682 652 simulatque
697 577 785 629 vero
799 550 937 627 sermm
960 549 1009 626 ad
1024 571 1155 649 praeco

327 670 385 756 sit,
404 684 442 745 et
455 667 643 743 discissum
656 678 897 741 transversum
909 680 1053 763 septum
1065 681 1132 748 est,
1150 690 1156 733 ε

327 781 441 863 brana
462 779 619 880 quadarn
644 779 846 877 superiores
866 791 986 876 partes
1004 777 1050 849 ab
1074 771 1156 849 infer

328 892 433 969 ducit
449 891 662 993 (διάφραγμα
679 890 815 966 Graeci
837 889 988 984 vocant)
1005 887 1157 962 homines

327 1007 486 1081 animam
519 1007 708 1095 amittere;
743 1004 794 1078 ita
822 1002 956 1076 mortui
985 1000 1134 1075 demum

328 1131 367 1194 et
382 1120 502 1196 viscus
523 1141 632 1192 ornus
656 1117 950 1213 inconspectum
973 1113 1158 1188 latrocinia

328 1230 406 1307 dari
431 1254 580 1306 necesse
605 1241 662 1305 est
685 1226 769 1315 tale,
797 1225 904 1326 quale
928 1226 1063 1300 mortui
1087 1225 1144 1313 sit,

327 1345 402 1417 vivi
426 1341 506 1417 fuit
558 1341 691 1440 Itaque
715 1341 890 1439 consequi
917 1338 1100 1415 medicum
1117 1352 1160 1413 nt

328 1453 525 1531 crudeliter
533 1452 706 1554 jugulet3
734 1477 809 1528 non
827 1465 868 1526 ut
885 1453 987 1540 sciat,
1014 1450 1135 1551 qualia
1150 1476 1161 1524 r

326 1566 536 1643 habeamus.
587 1566 731 1666 Siquid
748 1567 945 1652 tamensit,
964 1563 1064 1664 quod
1080 1562 1161 1638 adiu

327 1678 475 1755 homine
493 1682 706 1780 conspectui
729 1679 951 1778 subjiciatur,
979 1677 1018 1751 id
1042 1701 1150 1776 saepe

327 1790 424 1867 ferre
448 1793 672 1867 curantibus.
724 1791 916 1869 Interdum
945 1792 1042 1866 enim
1067 1789 1163 1888 gladi

240 1925 244 1935 ·
327 1929 447 1992 arena,
467 1904 525 1980 vel
544 1904 695 1981 militem
712 1907 749 1979 in
767 1907 857 1992 acie,
876 1903 935 1979 vel
947 1905 1160 1978 viatorema

327 2031 524 2118 exceptum
541 2020 593 2093 sic
611 2017 802 2104 vulnerari,
823 2031 864 2092 nt
888 2017 966 2117 ejus
982 2018 1130 2092 interior
1153 2040 1165 2091 r

327 2132 521 2229 speriatur,
548 2132 641 2209 etin
658 2130 729 2204 alio
745 2129 839 2204 alia:
866 2131 917 2204 ita
933 2129 1069 2216 sedem,
1093 2128 1166 2228 posi

327 2266 424 2330 nem,
443 2242 608 2342 figuram,
626 2243 826 2342 similiaque
844 2241 913 2316 alia
925 2265 1167 2343 cognoscerep

327 2355 524 2444 medicum,
551 2379 626 2432 non
650 2354 813 2442 caedem,
838 2354 902 2428 sed
924 2355 1114 2429 sanitatem
1140 2376 1168 2431 m

328 2469 440 2569 idque
457 2492 523 2567 per
539 2467 818 2543 misericordiam
838 2467 988 2554 discere,
1009 2467 1109 2566 quod
1124 2468 1169 2543 aii

328 2581 476 2659 delitste
493 2582 743 2682 cognoverint.
794 2578 855 2657 Ob
871 2580 972 2666 haec,
992 2604 1038 2654 ne
1056 2592 1171 2656 mortu

331 2694 415 2770 dem
432 2694 688 2770 lacerationem
706 2695 942 2770 necessariam
959 2717 1061 2768 esse:
1088 2718 1172 2791 quas

330 2808 499 2892 crudelis,
528 2820 650 2883 tamen
679 2807 787 2881 foeda
809 2808 881 2898 sit,
909 2829 993 2880 cum
1019 2804 1122 2880 aliter
1142 2805 1173 2904 pi

329 2921 481 2993 mortuis
497 2943 536 2993 se
549 2919 727 2994 habeant:
745 2933 923 3018 quantum
939 2943 1026 2993 vero
1041 2918 1080 2991 in
1098 2919 1174 2992 vivi

328 3040 460 3126 potest,
479 3030 557 3126 ipsa
573 3033 712 3105 curatio
729 3030 906 3104 ostendat.

168 3164 232 3214 cun
238 3163 325 3213 esau
382 3139 478 3215 Cum
501 3138 591 3214 baec
616 3165 682 3238 per
707 3140 822 3214 multa
844 3140 1039 3227 volumina,
1066 3165 1177 3240 perqu

170 3231 268 3280 ‘hm
168 3245 574 3346 „„„,‘';⁰„‘¹¹¹¹¹contentionis
597 3252 869 3350 disputationes,
896 3277 919 3323 a
935 3253 1084 3328 medicis
1101 3278 1178 3354 saep

167 3307 303 3480 ἔξω
247 3364 314 3427 ⁹⁰8·
332 3365 405 3439 sint
427 3377 538 3463 atque
562 3376 785 3455 tractentur,
808 3364 1072 3463 subjiciendum
1098 3380 1166 3453 est,

167 3497 241 3546 am
193 3442 304 3560 raaudi
331 3501 530 3554 armavere
543 3476 820 3574 ndenpossmt
859 3478 914 3553 Ea
927 3502 1045 3578 neque
1059 3480 1181 3556 addici

168 3579 209 3613 '¹¹‘
195 3565 257 3613 “¹¹''
331 3593 493 3691 opinioni
515 3603 612 3678 sunt,
633 3615 753 3690 neque
769 3593 815 3666 ab
834 3604 986 3691 utraque
1009 3595 1163 3668 nimium

328 3705 405 3795 tia;
432 3705 553 3779 media
574 3704 846 3804 quodammodo
872 3707 966 3780 inter
983 3705 1142 3781 diversas
1156 3731 1184 3781 ss

327 3817 452 3913 quod
443 3841 481 3890 1n
497 3816 661 3915 plurimis
678 3817 972 3920 contentionibus
988 3817 1185 3917 deprehen«

327 3928 404 4002 sine
427 3928 624 4003 ambitione
641 3952 767 4004 verum
790 3930 1060 4021 scrutantibus;
1088 3931 1185 4005 utin

326 4063 377 4114 re.
429 4038 526 4114 Nam
544 4064 637 4137 quae
659 4041 808 4114 demum
825 4065 967 4128 causae,
987 4041 1045 4115 vel
1062 4068 1189 4119 securri

326 4150 490 4228 tudinem
507 4164 701 4249 praestent,
727 4151 785 4226 vel
802 4154 945 4226 morbos
971 4157 1162 4247 excitent,
1188 4203 1190 4211 π

326 4264 482 4362 spiritus,
510 4274 574 4338 aut
599 4263 713 4351 cibus,
736 4264 795 4338 vel
821 4264 992 4353 trahatur,
1020 4268 1079 4341 vel
1105 4267 1192 4366 diga

326 4375 522 4477 sapientiae
547 4375 696 4474 quidem
718 4376 937 4475 professores
961 4381 1115 4457 scientia
1137 4405 1192 4458 cm
