2858 5296
429 670 647 721 nnnrcrusa
665 671 742 721 mn.
763 672 814 720 rr.
1097 662 1165 741 171

105 845 192 923 latus
212 844 405 935 denutnn,
422 855 464 921 et
485 843 534 919 sd
550 844 740 947 jugulum,
758 844 1031 948 humerumque¹
1052 854 1167 950 partis

109 958 273 1061 ejsudem
284 960 475 1059 persenit:
491 982 759 1057 nonnunquam
770 984 902 1035 manus
916 986 1060 1061 quoque
1072 964 1165 1041 dex-

112 1086 165 1149 us
188 1086 408 1173 torquenu3
441 1070 575 1148 horror
598 1072 741 1147 validus
766 1085 850 1165 est;
883 1075 948 1149 ubi
976 1074 1069 1152 male
1095 1090 1164 1163 est,

116 1184 194 1261 bilis
205 1188 403 1263 evornitrnr
418 1184 608 1261 interdum
621 1186 806 1285 singultus
817 1209 934 1285 prope
948 1189 1162 1287 strangulat

79 1306 82 1343 ¹
122 1294 169 1375 Et
181 1298 271 1375 haec
283 1298 434 1401 quidem
445 1299 548 1375 acuti
563 1298 683 1373 morbi
699 1312 797 1374 sunt
848 1297 1046 1399 Longioris
1062 1299 1304 1391 seru,0¹²‘onim

126 1412 179 1487 uhi
193 1413 402 1513 mppuntio
417 1413 457 1487 in
469 1410 640 1511 jocinore
656 1424 737 1501 est;
762 1411 941 1512 dolorque
958 1413 1072 1489 modo
1087 1412 1165 1487 fini·

127 1536 184 1615 bu,
199 1526 304 1603 modo
319 1525 555 1619 intenditur3
584 1525 714 1601 dextm
726 1538 828 1627 parte
841 1526 1057 1626 praecordia
1074 1526 1167 1602 dura

127 1650 202 1729 sut,
214 1654 252 1717 et
266 1651 422 1717 tument
435 1664 448 1727 ;
473 1652 557 1739 post
570 1639 695 1713 cibum
711 1638 826 1739 major
847 1642 995 1739 spiritus
1012 1640 1167 1715 difficul-

127 1761 165 1827 tu
190 1768 269 1847 est;
304 1751 460 1829 accedit
496 1750 726 1827 maxillarum
760 1753 940 1851 quaedam
978 1751 1164 1828 resolutio.

79 1914 85 1965 p
128 1860 181 1941 llli
202 1866 428 1943 inveteravit
451 1864 602 1953 malum,
630 1878 761 1941 venter
784 1878 824 1941 et
846 1891 954 1943 crura
976 1867 1164 1967 pedesque

79 1992 82 1999 '
125 1975 381 2069 humescrmt3
409 1992 541 2079 pectus
558 1996 671 2077 atque
687 1978 844 2066 humeri,
860 1981 1031 2079 circaque
1048 1980 1165 2081 jugu-

126 2086 188 2167 hn
200 2104 402 2193 utrumque
426 2104 660 2169 extenuatur.
712 2091 827 2167 Initio
851 2094 1067 2190 sanguinem
1082 2096 1163 2169 mit
1171 2115 1284 2167 cunae.

126 2214 193 2279 tere
211 2206 385 2305 optimum
404 2218 487 2281 est:
512 2218 592 2281 tum
606 2217 734 2281 venter
751 2203 947 2281 solvendus
959 2220 1026 2292 est,
1042 2208 1165 2283 sinon

123 2328 236 2415 potest
249 2316 360 2407 aliter,
377 2342 447 2419 per
463 2318 611 2418 nigrum
629 2328 837 2395 veratrum:
864 2317 1087 2418 imponenda
1102 2344 1166 2395 es·

121 2432 288 2509 trinsecm
319 2431 592 2533 cataplasmata,
629 2434 789 2534 primum
822 2457 918 2532 qnae
950 2435 1161 2533 reprimant,

116 2542 241 2639 deinde
254 2542 394 2631 calida,
410 2568 507 2644 quae
523 2544 725 2637 diducant3
751 2545 884 2644 quibus
907 2559 1007 2623 recte
1025 2548 1086 2620 iris
1102 2546 1163 2621 vel

113 2658 330 2737 absinthium
346 2656 545 2757 adjicitur:
563 2656 760 2757 posthaec,
772 2658 962 2757 malagma.
1005 2658 1163 2733 Dandae

114 2796 190 2849 vero
216 2771 440 2849 sorbitiones
463 2784 560 2859 sunt,
587 2796 788 2871 omnesque
813 2773 898 2858 cibi,
920 2784 960 2846 et
984 2771 1105 2857 calidi,
1129 2784 1169 2845 et

111 2888 260 2985 quinon
277 2885 442 2959 multum
459 2883 575 2971 alunt,
589 2897 626 2959 et
644 2882 722 2960 fere
741 2886 805 2984 qui
817 2883 1002 2984 pulmonis
1020 2907 1168 2982 quoque

112 2998 222 3075 dolori
238 2998 495 3083 conveniunt;
519 3009 736 3097 praeterque
754 3022 828 3083 eos,
851 2998 915 3096 qui
932 2998 1074 3068 urinam
1093 3020 1169 3071 mo-

112 3126 207 3199 rent,
235 3112 483 3213 potionesque
513 3109 561 3183 ad
589 3110 628 3183 id
659 3110 838 3184 efficaces.
890 3107 1007 3183 Utilia
1032 3108 1070 3179 in
1097 3107 1168 3183 hoc

114 3224 241 3299 morbo
262 3236 351 3299 sunt
381 3222 560 3322 thymum,
588 3223 757 3307 satureia,
787 3222 997 3322 hyssopum,
1022 3234 1166 3319 nepeta,

118 3336 283 3437 amylum,
309 3361 504 3425 sesamum,
533 3336 626 3411 lauri
653 3337 800 3422 baccae,
828 3336 927 3433 pini·
950 3334 1028 3423 flos,
1054 3332 1168 3410 herba

117 3450 344 3553 sanguinalis,
363 3449 525 3539 mentha,
550 3476 598 3527 ex
623 3450 721 3525 malo
738 3462 896 3525 cotoneo
912 3449 1086 3538 medium,
1106 3474 1167 3526 co-

119 3562 258 3641 lumbae
267 3564 381 3665 jecur
391 3589 519 3640 recens
531 3576 570 3640 et
584 3564 764 3639 crudum:
783 3565 973 3663 exquibus
987 3563 1167 3663 quaedam

120 3678 513 3779 perseasequaedam
523 3676 680 3777 adjicere
694 3676 749 3752 vel
761 3678 948 3752 sorbitioni
958 3677 1016 3752 vel
1027 3678 1169 3776 potioni

123 3790 223 3881 loen
254 3793 309 3867 sic
326 3804 461 3880 tamen,
481 3804 524 3865 ut
539 3816 648 3890 parce
670 3805 910 3866 assumantur.
952 3790 1089 3888 Neque
1106 3792 1169 3865 ali·

125 3928 225 3981 mum
240 3917 309 3993 est,
325 3904 549 3980 absinthium
567 3907 765 3979 contritum
783 3930 831 3979 ex
848 3903 957 3979 melle
974 3916 1012 3978 et
1029 3904 1166 4002 pipere,

127 4015 266 4119 ejusque
292 4020 517 4118 catapotium
541 4018 705 4117 quotidie
731 4018 916 4093 devorare.
969 4016 1169 4090 Abstinen-

127 4126 208 4205 dum
223 4134 352 4231 utique
374 4144 431 4206 est
454 4131 501 4206 ab
528 4132 698 4205 omnibus
725 4130 892 4231 frigidis:
923 4155 1044 4230 neque
1069 4136 1169 4207 enim

126 4266 177 4318 res
191 4244 262 4321 ulla
278 4245 395 4343 magis
414 4243 525 4345 jecur
541 4244 666 4319 laedit
724 4244 968 4320 Frictionibus
989 4243 1169 4318 utendum

124 4357 160 4431 in
174 4360 348 4435 extremis
363 4360 550 4458 partibus:
577 4358 750 4433 vitandus
777 4361 895 4433 omnis
921 4357 1034 4445 labor,
1053 4358 1171 4431 omnis

124 4470 368 4549 vehementior
384 4484 529 4547 motus:
549 4496 595 4546 ne
609 4474 756 4571 spiritus
773 4472 921 4572 quidem
935 4472 1072 4547 diutius
1085 4493 1171 4543 con·

120 4586 290 4663 tinendus
307 4600 375 4663 est.
428 4585 498 4675 Ira,
516 4587 722 4685 trepidatio,
738 4586 893 4684 pondus,
906 4587 1012 4671 ictus,
1029 4605 1168 4666 cursus,

513 4733 527 4763 ⁸
546 4724 577 4778 P.
592 4723 745 4795 sylvestris,
757 4718 788 4780 h.
988 4796 1004 4841 6
