2858 5296
791 197 798 209 b

213 255 411 280 cuv-...⁴¹

415 706 635 757 uunrcrnss
652 708 729 758 ura.
748 710 800 758 ru.
1083 682 1155 767 169

104 884 305 959 erratione
319 878 378 957 vel
388 880 582 972 adauctae,
596 882 656 959 vel
667 882 810 959 levatae
823 882 933 959 febris
950 886 1152 985 apparebit,

109 1000 167 1087 sic,
183 999 286 1099 utin
300 997 509 1071 remissione
526 1022 637 1096 quarn
653 1000 815 1071 maxima
832 996 988 1072 dentur:
1007 1025 1091 1075 cum
1108 1024 1155 1074 eo

111 1124 241 1198 tamen,
255 1122 299 1187 ut
312 1110 477 1199 adamus,
493 1134 569 1185 non
583 1134 661 1185 esse
674 1110 755 1211 ejus
770 1112 915 1209 generis
932 1114 1022 1186 tussi
1038 1114 1156 1187 aridas

117 1222 235 1299 fauces
259 1222 562 1299 committendas:
591 1248 701 1323 saepe
730 1225 841 1310 enirn,
873 1225 938 1298 ubi
968 1224 1060 1298 nihil
1088 1238 1154 1313 est,

121 1336 211 1435 quod
233 1348 449 1425 omcroetur,
480 1339 729 1426 continuatur,
760 1351 798 1413 et
826 1338 1042 1436 strangulat.
1093 1336 1156 1413 Ob

123 1474 217 1548 quun
230 1474 369 1527 witam
388 1450 469 1525 dixi
485 1451 597 1525 etiarn
615 1450 720 1551 pejus
746 1450 786 1524 id
802 1476 921 1551 genus
938 1476 1018 1525 esse
1035 1452 1154 1538 tussis,

126 1562 208 1661 quod
221 1564 316 1651 nihil,
332 1588 449 1665 quam
465 1564 568 1663 quod
583 1566 754 1663 pituitam
774 1578 950 1639 moveret
1004 1563 1076 1637 Sed
1095 1564 1250 1639 hictum
1261 1582 1306 1632 sic-

125 1675 225 1750 riuum
238 1678 399 1765 sorbere,
418 1690 589 1775 utsupra
613 1680 877 1776 praecepimus,
905 1677 1055 1751 morbus
1075 1648 1274 1776 ipse‘⁸¹'¹”¹⁸

125 1808 178 1863 tou
189 1792 346 1890 patiturz
361 1791 403 1863 in
418 1790 540 1864 vicem
559 1789 648 1889 ejus,
669 1815 812 1865 cremor
828 1792 991 1889 ptisanae
1009 1815 1155 1864 sumen·

127 1898 175 1975 lus
187 1915 248 1979 est.
298 1901 356 1978 Ut
373 1902 432 1977 his
448 1914 573 1977 autem
590 1904 628 1976 in
646 1904 725 2001 ipso
745 1904 865 1977 morbi
887 1902 1032 1978 fervore
1049 1905 1155 1977 susti·

126 2014 240 2090 lethu
252 2040 366 2115 aeger
383 2026 453 2104 est,
471 2017 535 2103 sic,
561 2017 625 2090 ubi
650 2015 803 2114 paulum
822 2018 854 2090 is
870 2040 909 2090 se
926 2018 1075 2102 remisit,
1091 2016 1155 2090 nli·

73 2184 77 2209 2
128 2140 230 2203 uota
241 2126 417 2227 pleniora,
435 2140 474 2203 et
488 2129 564 2202 vini
582 2154 731 2228 quoque
750 2127 889 2227 aliquid
915 2127 993 2202 dari
1008 2141 1153 2228 potest;

73 2236 76 2343 l
128 2236 203 2313 dum
222 2240 310 2315 nihil
330 2240 452 2329 detur,
481 2241 580 2341 quod
610 2255 675 2317 aut
702 2240 897 2341 refrigeret
921 2265 1065 2340 corpus,
1093 2255 1158 2317 aut

128 2348 230 2429 sulces
251 2368 401 2455 mperet.
454 2354 493 2429 Si
518 2357 558 2429 iu
582 2354 784 2431 refectione
811 2378 959 2455 quoque
983 2356 1157 2433 manserit

124 2466 219 2555 bruis,
242 2468 485 2544 intermittere
508 2469 694 2569 oportebit
714 2494 790 2544 uno
807 2469 893 2561 die;
920 2481 1151 2568 posteroque,

123 2598 187 2653 uun
201 2581 282 2657 cibo
298 2582 377 2657 viui
392 2580 506 2680 paulo
527 2580 611 2676 plus
633 2601 827 2656 assumere.
881 2581 1008 2680 Atque
1025 2582 1153 2680 incipi-

121 2706 187 2767 ute
209 2718 362 2793 quoque
379 2696 480 2781 tussi,
500 2705 579 2768 turn
597 2719 671 2767 non
695 2697 764 2770 erit
786 2697 956 2782 alienum,
984 2708 1155 2792 utsupra

121 2826 243 2905 quoque
267 2809 432 2908 positum
458 2819 525 2894 est,
551 2808 626 2880 vini
651 2810 802 2907 cyathos
830 2809 1003 2882 sorbere:
1030 2808 1152 2879 sedin

121 2912 172 2993 loc
184 2944 319 3019 genere
329 2920 562 3006 valetudinis,
578 2919 699 3007 dulce,
712 2921 770 2994 vel
785 2933 885 2994 certo
900 2918 982 2994 lene
994 2942 1154 2992 commo·

73 3112 75 3119 ,
120 3026 258 3109 lineat
303 3034 343 3109 si
360 3032 498 3107 malum
517 3036 744 3120 inveteravit,
764 3031 939 3106 athletico
956 3032 1059 3105 victu
1077 3054 1153 3103 cor·

73 3130 75 3207 l
120 3146 402 3238 pufirmandum
421 3160 486 3221 est.

73 3258 75 3341 j
158 3254 242 3332 Vll.
269 3259 308 3335 A
326 3262 545 3359 compagine
561 3262 725 3360 corporis
743 3259 790 3332 ad
808 3260 948 3332 viscera
965 3273 1325 3334 narsem-rannone.

73 3352 75 3383 l
123 3362 193 3443 llum
206 3384 269 3460 est,
287 3386 326 3448 et
345 3375 384 3446 in
402 3375 527 3472 primis
543 3374 591 3447 ad
608 3374 820 3473 pulmonem
839 3373 1085 3463 veniendum3
1105 3398 1154 3449 ex

122 3502 180 3576 quo
201 3485 399 3561 vehemens
415 3499 455 3560 et
470 3500 600 3561 acutus
625 3487 776 3560 morbus
793 3486 918 3574 oritur,
942 3512 1052 3585 quem
1070 3517 1154 3584 esp·

121 3598 294 3695 neptum
311 3600 452 3676 Graeci
477 3613 621 3674 vocant
675 3600 765 3700 Ejus
783 3600 874 3674 haec
893 3602 1056 3675 conditio
1074 3613 1151 3676 est:

124 3708 224 3803 llllmo
240 3727 342 3789 totus
360 3714 515 3789 afficitur
531 3741 540 3787 :
568 3713 667 3787 hunc
682 3739 806 3787 casum
824 3713 902 3813 ejus
918 3715 1155 3812 subsequitur

126 3826 218 3913 haris,
232 3827 345 3901 bilem
364 3826 423 3901 vel
441 3852 510 3926 pus
528 3825 685 3913 trahens,
715 3828 1011 3925 praecordiorum
1030 3829 1156 3900 totius·

125 3954 180 4027 que
202 3941 362 4038 pectoris
391 3942 561 4038 gravitas,
597 3941 743 4037 spiritus
769 3939 974 4026 difficultas
1002 3962 1157 4036 magnae

128 4042 229 4141 lebret,
256 4056 435 4129 continua
460 4054 596 4153 vigilia,
620 4055 693 4127 cibi
720 4053 919 4136 l'astidium,
945 4052 1057 4125 tabes.
1110 4050 1157 4123 Id

129 4181 219 4253 genus
241 4168 362 4242 morbi
395 4167 479 4266 plus
504 4166 671 4265 periculi,
709 4192 819 4264 quarn
855 4164 999 4251 doloriS,
1036 4165 1156 4239 habet.

132 4268 270 4372 Oportet,
289 4283 321 4353 si
339 4283 427 4354 satis
444 4280 586 4354 validae
604 4283 700 4353 vires
719 4294 816 4366 sunt,
844 4280 1058 4376 sanguinem
1077 4279 1158 4351 mit·

132 4392 206 4463 lere:
232 4395 286 4466 sin
300 4394 471 4480 minores
491 4392 740 4468 cucurbitulas
754 4395 831 4466 sine
844 4391 941 4465 ferro
954 4391 1158 4491 praecordi-

134 4493 353 4580 lsathnovere.
398 4506 510 4592 Tum,
528 4508 558 4579 si
575 4507 660 4579 satis
674 4506 780 4592 valet,
797 4505 976 4603 gestando
994 4528 1155 4601 aegrum,

135 4606 293 4708 digerere:
322 4621 351 4692 si
370 4646 509 4718 parum,
530 4622 624 4693 intra
642 4620 791 4693 ‹lonnnn
820 4635 941 4692 tamen
961 4618 1157 4690 dimovere.

134 4716 297 4804 l'otioncrn
316 4747 438 4815 autem
458 4734 603 4833 hyssopi
631 4733 729 4818 (lare,
756 4758 842 4806 cunr
861 4758 935 4829 qno
952 4732 1043 4804 ficus
1061 4726 1162 4800 arida

133 4835 164 4911 sit
174 4842 332 4939 incocta3
356 4862 419 4923 aut
432 4872 563 4945 aquam
576 4846 741 4933 mulsam,
756 4848 791 4919 in
808 4871 879 4941 qua
893 4844 949 4917 vcl
965 4843 1162 4940 hyssopum
