2858 5296
345 341 419 409 122
719 358 756 407 a.
774 356 887 407 cour.
905 354 1011 409 cntsr

341 539 451 609 erunt
466 531 503 618 ii,
523 531 585 630 qui
598 531 692 607 inter
704 531 895 630 epulantes
910 554 974 606 eos
988 527 1188 607 collocatur

341 644 413 721 bus
428 668 517 718 vero
533 645 586 720 sic
598 643 737 719 affectis
748 668 898 720 somnus
910 655 950 720 et
960 641 1127 731 difficilis,
1146 654 1188 719 et

341 757 566 831 necessarius
588 768 666 832 est:
691 756 758 831 snb
788 757 860 832 hoc
882 757 981 833 enim
1006 756 1172 856 plerique

342 867 498 944 Prodest
514 867 562 943 ad
578 869 627 957 id,
647 880 757 967 atque
774 871 884 945 etiam
910 869 959 944 sd
982 880 1144 944 mentem
1167 869 1187 968 i]

341 981 563 1081 ponendam,
581 983 770 1057 crocinum
787 984 1045 1081 unguentum⁸
1069 1006 1156 1058 cum
1171 982 1187 1057 i

342 1107 413 1196 put
429 1095 568 1170 datum.
619 1094 658 1169 Si
674 1093 909 1170 nihilominus
933 1096 1097 1195 vigilant,
1129 1096 1187 1194 qui

343 1234 435 1286 num
452 1209 652 1284 moliuntur
668 1210 772 1307 potui
786 1209 909 1284 dando
920 1234 1064 1309 aquam,
1082 1210 1187 1308 inqu

343 1335 411 1400 aut
422 1323 665 1423 hyoscyamus
681 1321 835 1397 decocta
847 1323 915 1397 sit:
935 1323 996 1398 alii
1012 1321 1187 1422 mandi-ng

344 1434 497 1534 pulvino
514 1433 733 1534 subjiciunt:
760 1434 821 1509 alii
838 1436 897 1510 vel
922 1460 1119 1523 amomum,
1145 1458 1187 1511 ve

343 1547 530 1623 lacrimam
543 1546 657 1623 fronti
681 1548 874 1624 inducunt.
927 1548 1015 1624 Hoc
1039 1572 1177 1623 nomen

344 1663 448 1740 dicos
464 1664 631 1763 reperio:
651 1663 716 1738 sed
732 1688 818 1738 cum
835 1661 969 1738 Graeci
989 1687 1134 1737 morum
1150 1691 1187 1737 ru

342 1775 493 1876 pellant,
512 1778 605 1851 mori
629 1775 731 1850 nulla
755 1775 904 1850 lacrima
920 1787 987 1850 est.
1039 1774 1099 1850 Sic
1117 1799 1188 1850 ven

343 1903 405 1966 tur
421 1890 570 1966 lacrima
584 1890 722 1965 arboris
746 1891 786 1962 in
803 1888 980 1988 Aegypto
995 1889 1188 1976 nascentis,

341 2004 529 2102 poetatur
543 2002 738 2101 appellant.
774 2000 925 2075 Plurimi
944 2000 1106 2076 decoctis
1118 2025 1188 2101 pap

342 2116 486 2204 ticibus,
505 2142 553 2192 ex
570 2141 614 2191 ea
630 2139 725 2213 aqua
742 2117 894 2213 spongia
918 2140 960 2189 os
984 2126 1023 2190 et
1044 2126 1157 2213 caput
1173 2138 1188 2190 s

343 2242 442 2307 vent.
494 2228 732 2327 Asclepiades
757 2252 801 2301 ea
826 2251 1054 2326 supervacua
1070 2224 1188 2303 essed

342 2346 441 2419 niam
458 2345 497 2418 in
522 2343 726 2442 lethargum
753 2365 860 2440 saepe
888 2353 1156 2416 converterent

243 2450 249 2477 ⁶
342 2469 477 2545 autem,
496 2467 539 2532 ut
554 2457 671 2554 primo
688 2455 759 2543 die,
788 2481 810 2529 a
839 2454 934 2542 cibo,
960 2455 1121 2553 potione,
1139 2477 1188 2528 sor

341 2582 515 2662 neretur;
543 2594 693 2664 vespere
710 2570 745 2642 ei
762 2568 909 2643 daretur
933 2569 1038 2667 potui
1060 2593 1179 2666 aqua;

342 2686 396 2759 tio
419 2683 674 2758 admoveretur
699 2682 800 2770 lenis,
830 2693 943 2757 utne
968 2705 1117 2754 manum
1147 2703 1189 2778 qt

342 2795 566 2895 perfricaret,
587 2796 821 2870 vehementer
836 2795 1060 2893 imprimeret
1072 2789 1092 2884 3⁶
1103 2805 1189 2891 post

344 2908 416 2996 die,
428 2909 555 2982 iisdem
569 2910 738 2983 omnibus
749 2907 865 2995 factis,
880 2930 1031 3005 vespere
1045 2909 1078 2979 ei
1092 2905 1190 2981 daret

343 3032 382 3093 et
394 3045 499 3116 aqua,
515 3045 710 3117 rursusque
722 3019 842 3095 frictio
851 3019 1099 3093 adhiberetur:
1117 3043 1184 3117 per

342 3155 410 3205 nos
428 3145 699 3218 consecuturos,
715 3144 757 3206 ut
770 3157 917 3206 somnus
934 3132 1097 3207 accedat.
1151 3131 1191 3206 Id

344 3243 396 3330 fit,
416 3243 618 3341 etquidem
636 3245 738 3330 adeo,
759 3257 811 3331 ut,
839 3244 902 3318 illo
919 3245 1127 3333 confitente,
1146 3248 1191 3320 nir

342 3358 452 3431 etiam
469 3356 624 3454 lethargi
640 3357 844 3454 periculum
862 3358 998 3433 afferat.
1041 3358 1115 3432 Sed
1131 3360 1192 3434 sis

343 3494 417 3544 non
435 3471 596 3556 accessit,
623 3484 701 3544 tum
729 3470 877 3544 demum
894 3470 964 3544 illis
982 3471 1192 3546 medicamer

343 3582 476 3658 sendus
494 3596 569 3657 est:
588 3581 711 3656 habita
723 3584 863 3658 scilicet
880 3583 1008 3658 eadem
1027 3584 1193 3659 moderat

341 3694 402 3770 hic
421 3720 566 3794 quoque
582 3698 783 3770 necessaria
800 3710 864 3783 est,
893 3722 951 3784 ne,
979 3721 1088 3796 quem
1113 3694 1193 3770 obdr

346 3806 479 3896 lumus‚
492 3807 649 3884 excitare
661 3823 871 3907 posteanon
883 3814 1072 3909 possimus.
1127 3808 1194 3883 Cor

376 3982 389 4009 ¹
408 3973 500 4027 Flebat
513 3992 547 4027 ex
560 3973 628 4039 oleo,
646 3973 719 4046 prius
732 3975 832 4030 calamo
844 3983 872 4029 et
884 3976 1000 4048 myrrha,
1013 3978 1119 4032 demum
1130 3978 1195 4034 card

340 4065 385 4112 to:
403 4056 432 4109 in
443 4074 476 4110 eo
489 4058 605 4128 quinque
618 4057 673 4110 dies
683 4061 865 4114 macerabatur
877 4079 986 4127 crocus;
1005 4069 1033 4115 et
1045 4062 1135 4116 oleum
1146 4063 1186 4116 sic

339 4140 449 4194 missum
468 4149 496 4193 et
513 4140 637 4210 myrrhae
658 4141 768 4212 pulvere
785 4143 968 4210 commistum,
988 4155 1155 4219 unguentum
1177 4164 1196 4202 cz

339 4223 433 4279 Drosc.
446 4223 463 4275 'n
476 4229 519 4287 53,
534 4229 576 4275 55.

376 4308 390 4347 ὓ
406 4310 523 4377 Atropae
536 4305 735 4378 Mandragorae,
750 4309 779 4362 L.

377 4404 388 4434 t
405 4389 483 4444 Ficus
498 4391 657 4460 Syeamorus
670 4390 700 4443 L.
714 4398 763 4446 est.
