2858 5296
388 940 469 1023 DE
519 923 819 1022 MENSURIS
867 928 1149 1017 PONDERI]

665 1112 1066 1207 ANTIQUORUM
1083 1145 1094 1208 ;

385 1434 449 1499 ΕΤ
471 1429 706 1510 QUOMODO
736 1429 801 1493 ΑΙ)
825 1426 1017 1493 NOSTRA
1050 1424 1154 1489 REIn

410 2171 533 2230 Vanum
546 2178 632 2237 essct,
646 2169 676 2225 in
690 2167 766 2226 libro
780 2167 947 2245 hujusmodi
964 2167 1034 2226 setis
1048 2167 1161 2226 modico

371 2249 451 2309 ribus
478 2248 679 2325 mensurisque
706 2247 809 2305 aetatis
830 2248 1063 2326 scriptorumque
1083 2246 1162 2326 ipsiu

371 2351 445 2389 rere.
487 2328 546 2389 Sed
560 2347 625 2385 cum
639 2328 669 2386 in
683 2337 747 2385 toto
758 2327 819 2385 fere
833 2327 1036 2405 supplemento
1050 2337 1151 2385 nostro

372 2420 556 2488 perpetuum,
577 2406 620 2466 uti
634 2427 672 2465 ex
686 2407 749 2484 ipso
764 2405 917 2464 veritatem
931 2406 1062 2465 emnium
1075 2405 1164 2465 illust1

372 2487 561 2568 comprobare
583 2485 638 2545 sibi
662 2485 772 2555 liceret,
793 2486 970 2563 quantitates
993 2505 1091 2544 rerum
1114 2483 1164 2545 abs

372 2570 468 2629 tiones
482 2568 518 2626 ad
532 2565 666 2626 modulos
687 2564 883 2636 Britannicos,
897 2565 954 2703 qui
968 2564 1111 2623 fixissima
1130 2567 1165 2624 ite

374 2665 556 2707 eannuamu
570 2656 686 2705 nostrae
700 2644 872 2715 latitudinis,
886 2644 896 2701 i
918 2665 1011 2723 eoque
1024 2644 1061 2702 ad
1075 2665 1162 2704 axem

374 2748 537 2807 aquamque
551 2725 724 2785 stilletitiam
733 2724 778 2783 his
789 2736 985 2783 mensuratam
999 2744 1030 2783 se
1043 2724 1161 2796 habent,

374 2819 467 2866 crant.

415 2886 518 2963 Atque
539 2883 570 2942 in
592 2883 646 2942 hac
668 2905 702 2943 re
726 2883 910 2944 difficultates
930 2883 1018 2963 longe
1031 2884 1169 2944 tenuiore

375 2965 464 3043 vulgo
485 2963 586 3022 critice
606 2974 826 3042 repraesentare
839 2962 960 3041 placuit.
1000 2963 1170 3023 Intereuim

375 3042 425 3114 tei,
440 3041 519 3121 quod
533 3052 646 3111 vocant,
667 3041 757 3100 seculi
771 3043 936 3120 scriptores,
950 3042 1068 3102 omnino
1083 3043 1120 3102 de
1140 3043 1171 3102 hi

375 3122 475 3191 venit3
495 3131 526 3180 et
543 3121 568 3178 si
582 3130 692 3199 postea,
713 3119 877 3179 declinante
895 3120 959 3198 jam
983 3122 1115 3201 imperio,
1139 3143 1172 3183 ou

376 3201 454 3281 apud
478 3220 531 3260 uus
553 3200 583 3257 in
599 3200 762 3269 Britannia,
783 3220 836 3258 nec
849 3201 907 3258 nisi
919 3221 996 3260 novo
1010 3213 1128 3262 senatus
1148 3223 1173 3263 et

380 3282 436 3341 lv.
459 3300 522 3373 cap.
544 3280 608 3356 75.)
630 3279 801 3359 reparanda,
825 3280 960 3351 vidimus,
985 3280 1097 3342 incuria
1120 3293 1174 3341 et.

377 3360 463 3440 pejus
490 3368 643 3418 immutata
669 3360 736 3430 sint,
758 3359 788 3417 id
816 3359 853 3417 ad
879 3379 942 3418 rem
969 3375 1098 3420 nestram
1125 3362 1175 3420 nih

377 3460 495 3519 quoque
517 3439 610 3498 lector
633 3439 743 3498 referre
767 3437 863 3509 debet,
887 3438 1030 3518 siquando
1055 3440 1146 3501 bonos
1173 3467 1176 3500 a

377 3540 396 3579 a
408 3519 516 3580 nostris
536 3520 666 3578 numeris
686 3518 867 3597 aliquantum
880 3519 1034 3579 deflectere
1047 3521 1162 3590 videat3

378 3598 546 3659 auctoribus
560 3598 713 3658 deterioris
727 3599 792 3656 aevi
806 3599 918 3658 seducti
932 3611 1009 3670 sunt,
1029 3611 1064 3658 ut
1077 3619 1159 3660 ocae
1174 3629 1178 3656 ι

378 3679 544 3748 tribuerint,
565 3689 615 3736 aut
623 3676 734 3757 jejunis
748 3677 872 3737 aliorum
885 3679 1149 3757 computationibus
1163 3681 1179 3740 ii

380 3758 515 3837 denique,
536 3758 591 3836 ipsi
605 3778 697 3837 grana
712 3757 841 3836 Trojana
853 3779 918 3816 cum
943 3759 1049 3817 chalcis
1069 3770 1100 3818 et
1121 3760 1180 3820 silis

381 3837 484 3896 Italica
493 3857 559 3895 eum
569 3837 747 3895 Britannicis
758 3838 892 3915 imperite
901 3838 1104 3899 confuderunt.
1138 3841 1181 3900 H(

381 3917 509 3975 Pennus
525 3915 752 3986 Mummius,
770 3918 918 3976 Canoaus
933 3922 1183 3990 Anaununouus

381 3994 637 4065 Gaus1us,mille
659 3996 824 4055 minorum:
845 4018 898 4056 uec
921 4017 975 4055 nos
995 3997 1081 4057 valde
1104 4020 1184 4058 censi

378 4095 477 4134 remus
500 4075 525 4133 si
549 4095 608 4153 qua
630 4096 818 4134 numerosum
842 4077 926 4154 signa
949 4076 1076 4136 calamus
1103 4079 1179 4139 male

380 4174 498 4213 manum
512 4154 590 4212 enim
604 4175 702 4213 errare
716 4166 769 4225 est,
790 4167 821 4214 et
844 4157 964 4235 insuper
985 4158 1143 4230 effecimus,
1165 4181 1185 4217 u

379 4234 484 4371 simqm
498 4254 644 4312 quemque
667 4234 793 4294 tironem
817 4248 902 4306 esset,
924 4236 1106 4314 singulorum
1130 4239 1187 4299 veri

379 4334 435 4393 pen
457 4334 516 4372 ere.
