2858 5296
279 358 328 429 48
677 373 713 423 n.
733 374 846 425 corn.
866 375 972 427 cunsr

275 550 381 626 ulcus
409 549 621 650 reperietur.
683 548 723 624 si
748 548 890 624 mulieri
913 551 1066 649 inguen⁸
1091 565 1130 628 et

273 676 353 739 orta
377 676 443 751 est,
469 686 591 763 neque
614 685 723 736 causa
745 673 908 763 apparet,
936 664 1039 739 ulcus
1063 668 1102 739 in
1127 692 1132 711 ·

273 776 391 853 Urina
405 789 530 854 autem
548 799 677 862 crassa,
697 800 744 850 ex
762 800 836 875 qua
847 775 949 875 quod
960 777 1133 866 desidetr

272 890 453 990 significat
477 891 576 966 circa
599 887 783 976 articulos,
800 901 866 964 aut
882 891 980 965 circa
996 893 1133 967 viscera

273 1017 487 1105 metumque
514 1001 632 1079 morbi
652 1025 741 1076 esse.
793 1001 936 1078 Eadem
961 1004 1096 1093 viridis,
1123 1031 1134 1081 r

272 1141 353 1191 rum
372 1117 547 1204 dolorem,
564 1132 817 1213 tumoremque
835 1140 921 1190 cum
938 1117 1060 1217 aliquo
1070 1143 1134 1218 per

271 1255 361 1319 esse,
378 1244 444 1307 aut
459 1243 559 1306 certe
576 1253 708 1327 corpus
733 1230 919 1328 integrum
945 1254 1019 1305 non
1044 1255 1133 1321 esse,

271 1343 329 1420 At
343 1347 373 1419 si
398 1344 545 1443 sanguis
570 1354 635 1417 aut
659 1366 728 1441 pus
753 1343 791 1415 in
818 1344 923 1417 urina
946 1356 1014 1432 est,
1039 1345 1136 1421 veli

269 1481 374 1532 renes
398 1456 600 1532 exulcerati
624 1467 721 1529 sunt.
773 1454 811 1528 Si
836 1455 927 1531 haec
952 1481 1082 1546 crassa,
1109 1483 1137 1534 cr

269 1570 443 1669 quasdam
461 1572 613 1669 exiguas
630 1569 733 1668 quasi
749 1567 899 1667 capillos
916 1570 1038 1658 habet,
1056 1584 1122 1647 aut

268 1695 307 1758 et
323 1683 419 1759 male
441 1683 526 1772 olet,
555 1696 594 1759 et
618 1681 803 1757 interdum
828 1685 930 1781 quasi
956 1709 1139 1773 arenam„

270 1799 375 1895 quasi
384 1802 599 1897 sanguinem
614 1795 734 1883 trahit,
742 1794 868 1870 dolent
879 1809 1000 1886 autem
1015 1823 1140 1889 coxae,

269 1910 365 1985 iuter
388 1910 452 1986 has
481 1934 664 2011 superque
690 1909 827 2006 pubem
856 1922 953 1996 sunt,
985 1924 1024 1985 et
1048 1937 1139 1987 acce

269 2037 423 2122 quentes
448 2036 586 2111 ructus,
615 2020 801 2097 interdum
827 2024 986 2097 vomitus
1012 2024 1141 2100 biliosu

267 2160 423 2236 maeque
448 2150 569 2236 partes
593 2134 807 2233 frigescunt,
833 2136 958 2210 urinae
981 2139 1142 2215 crebras

267 2248 332 2323 sed
359 2274 492 2349 magna
514 2247 800 2334 difficultas-est,
826 2261 864 2322 et
887 2249 987 2347 quod
1011 2251 1098 2326 inde
1125 2277 1143 2326 e

268 2377 336 2454 est,
353 2389 469 2463 aquae
487 2363 615 2449 simile,
634 2360 692 2436 vel
711 2358 845 2449 rufum,
866 2362 923 2436 vel
941 2362 1119 2462 pallidum
1136 2392 1144 2440 ι

264 2476 341 2552 lum
372 2492 495 2552 tamen
524 2477 562 2550 in
592 2500 637 2550 eo
665 2475 860 2549 levamenti
890 2488 956 2564 est,
986 2478 1088 2553 alvus
1116 2505 1145 2554 vr

263 2590 381 2666 multo
398 2592 526 2690 spiritu
540 2589 715 2675 redditur,
735 2589 863 2684 utique
881 2590 918 2661 in
936 2592 1085 2665 renibus
1103 2593 1146 2666 vit

264 2704 320 2780 At
337 2709 365 2779 si
383 2704 557 2805 paulatim
577 2701 745 2789 destillat,
766 2701 825 2776 vel
843 2703 872 2775 si
889 2706 1035 2802 sanguis
1051 2731 1117 2804 per
1132 2704 1147 2779 l

262 2832 333 2902 tur,
351 2832 389 2893 et
411 2821 448 2891 in
474 2844 519 2892 eo
536 2817 717 2917 quaedam
736 2829 889 2890 cruenta
906 2832 1077 2892 concreta
1094 2842 1148 2892 sur

260 2931 380 3028 ipsum
399 2955 483 3003 cum
512 2930 725 3003 difficultate
749 2929 925 3017 redditur,
942 2944 979 3005 et
996 2933 1093 3005 circa
1109 2957 1148 3031 pi

261 3043 410 3116 teriores
428 3054 547 3140 partes
566 3042 703 3126 dolent,
731 3043 769 3112 in
796 3042 926 3115 eadem
952 3046 1072 3117 vesica
1093 3046 1150 3120 vir

262 3152 446 3228 Calculosi
463 3177 550 3226 vero
568 3153 623 3225 his
641 3152 784 3225 indiciis
803 3171 1100 3251 cognoscuntur:
1120 3158 1151 3232 di

261 3267 364 3339 urina
395 3265 570 3349 redditur,
597 3264 857 3362 paulatimque,
885 3269 1071 3344 interdum
1097 3272 1152 3345 eti

261 3379 459 3465 voluntate,
485 3377 670 3468 destillat3
699 3376 830 3450 eadem
860 3403 1011 3455 arenosa
1040 3396 1153 3471 est31

260 3517 369 3591 quam
393 3505 458 3566 aut
480 3492 638 3589 sanguis
665 3504 729 3563 aut
754 3505 959 3580 cruentum,
985 3516 1049 3570 aut
1076 3522 1155 3595 purt

257 3606 394 3704 aliquid
413 3630 497 3681 cum
517 3630 561 3678 ea
583 3604 818 3695 excernitur3
844 3629 998 3704 eamque
1027 3609 1156 3707 quidan

258 3719 328 3791 tius
357 3721 459 3806 recti,
492 3717 641 3817 quidam
675 3719 885 3814 resupinati,
920 3721 1152 3819 maximeque

257 3830 415 3927 grandes
450 3829 609 3906 calculos
644 3829 790 3910 habent,
826 3831 974 3927 quidam
1010 3835 1159 3909 etiami

260 3942 431 4029 reddunt,
467 3943 657 4038 colemque
692 3942 938 4032 extendendo,
980 3945 1144 4022 dolorem

260 4055 459 4131 Gravitatis
477 4080 624 4155 quoque
642 4055 832 4154 cujusdam
850 4059 889 4131 in
908 4084 951 4132 ea
968 4073 1069 4157 parte
1088 4085 1161 4136 seni

293 4280 455 4356 ‘Supploas
479 4284 610 4336 intumuit.
648 4280 821 4335 Convertitur
844 4283 915 4336 enim
934 4291 992 4339 tota
1014 4285 1146 4340 sententia

259 4365 353 4422 Pmoll.
364 4365 392 4420 ll.
405 4368 449 4421 34.
457 4363 496 4437 (p.
509 4369 569 4420 513.
582 4365 628 4438 Ῑι.)
641 4363 687 4418 ubl
700 4368 788 4434 raptui
800 4370 840 4416 ul
852 4369 952 4423 &sutrim
967 4371 1100 4432 laespa‘mlar
1113 4369 1165 4425 dict

850 4536 865 4579 2
