2858 5296
346 334 418 408 196
742 359 777 405 n.
797 354 910 405 cons.
929 353 1035 404 censi

183 538 268 618 leti·
279 537 313 588 ¹⁰·
348 533 422 619 det,
441 530 511 604 levi
529 539 628 606 veste
646 528 758 604 debet
772 554 850 605 esse
867 539 1071 612 contectus,
1099 524 1154 600 loc

183 621 230 655 '¹⁸'
349 643 410 731 do,
427 642 593 719 fenestris
609 645 828 742 patentibus,
848 644 913 730 sic,
931 653 974 716 ut
989 638 1155 740 perflatur

182 769 312 860 comm·
349 759 430 857 quis
447 757 609 832 accedat.
661 756 828 831 Tertium
858 755 1035 831 auxilium
1065 766 1131 840 est,

181 842 252 891 ”¹¹⁶¹
265 859 335 897 “⁸²¹⁹
339 871 498 970 jacentis
514 871 597 945 cibo
615 872 772 969 vinoque
790 893 1015 945 succurrere.
1067 865 1156 941 Cibu

344 998 405 1060 tus
422 985 583 1083 quidem,
603 984 666 1057 sed
684 1009 791 1082 saepe
808 997 931 1058 tamen
958 992 1067 1056 nocte
1098 1004 1142 1055 ac

345 1111 410 1186 est,
428 1110 471 1173 ut
487 1099 634 1184 nutriat,
654 1121 772 1195 neque
787 1109 927 1171 oneret.
980 1094 1108 1168 Isesse
1121 1090 1157 1166 dr

343 1212 503 1285 missima
521 1210 680 1296 materia,
696 1223 734 1283 et
744 1209 933 1284 stomacho
946 1220 1065 1306 aptus.
1116 1205 1156 1280 N

344 1335 412 1411 est,
430 1324 479 1397 ad
494 1324 620 1397 vinum
637 1320 808 1396 festinare
838 1346 913 1395 nou
943 1331 1113 1419 oportet:
1141 1343 1158 1392 s

344 1449 411 1522 est,
429 1460 476 1510 ne
493 1435 649 1521 deficiat,
668 1449 746 1510 tum
765 1448 802 1509 et
819 1436 941 1508 intrita
960 1458 1008 1507 ex
1026 1432 1110 1519 hoc,
1137 1456 1159 1505 e

343 1561 529 1623 austerum
563 1549 724 1647 quidem,
760 1548 824 1623 sed
853 1561 975 1622 tamen
1004 1559 1130 1632 tenue,

343 1661 529 1759 egelidum
548 1663 703 1736 subinde
721 1675 759 1737 et
776 1661 973 1735 liberaliter
989 1658 1154 1732 dandum

343 1792 383 1849 ta
398 1775 573 1874 polenta,⁸
588 1777 619 1849 si
637 1776 747 1849 modo
764 1777 794 1849 is
819 1800 929 1873 aeger
958 1798 1088 1872 parum
1119 1770 1161 1847 cil

343 1887 456 1987 idque
481 1890 606 1964 vinum
634 1913 711 1963 esse
740 1887 860 1975 debet,
891 1911 1012 1986 neque
1041 1884 1161 1959 nullar

342 2025 465 2099 neque
481 2003 685 2099 ingentium
701 2032 712 2092 ;
740 2019 912 2098 recteque
930 2013 1007 2074 tota
1024 1999 1085 2073 die
1114 2022 1159 2071 ac

180 2145 243 2194 vin
254 2145 282 2193 tn
293 2143 333 2192 an
342 2126 416 2188 tres
434 2114 597 2188 heminas
613 2137 722 2210 aeger
739 2113 865 2202 bibet;
894 2114 923 2185 si
942 2113 1077 2186 vastius
1088 2135 1163 2209 corq

180 2214 462 2330 {flffiwetiam
514 2225 553 2299 si
569 2227 692 2299 cibum
711 2249 785 2297 non
802 2226 946 2322 accipit,
978 2234 1164 2322 perunctu

179 2350 297 2398 nannum.
340 2336 496 2412 fundere
513 2362 608 2435 aqua
622 2336 757 2434 frigida
773 2338 956 2422 convenit,
976 2351 1015 2411 et
1034 2348 1114 2410 tum
1133 2335 1165 2409 dr

344 2453 373 2526 si
391 2450 598 2527 stomachus
615 2449 794 2524 resolutus
811 2475 939 2548 parurn
968 2450 1143 2535 continet,

343 2566 444 2653 bum,
465 2576 503 2638 et
519 2576 602 2662 post
618 2588 703 2636 eum
728 2576 857 2661 sponte
885 2588 1031 2636 vomere
1063 2573 1166 2660 oport

345 2704 417 2777 que
435 2691 518 2776 post
533 2678 710 2750 vomitum
728 2677 849 2750 cibum
869 2700 1024 2749 sumere.
1077 2675 1114 2748 Si
1129 2699 1167 2749 ne

344 2791 528 2876 manserit,
548 2790 692 2863 sorbere
710 2790 784 2862 vini
802 2788 987 2887 cyathum,
1007 2790 1169 2885 interpos

344 2928 487 2976 sumere
504 2903 670 2977 alterum.
723 2903 760 2975 Si
778 2901 816 2974 id
834 2927 979 3000 quoque
1007 2902 1169 2975 stomach

342 3017 400 3096 rit,
421 3028 538 3088 totum
565 3039 698 3111 corpus
728 3015 847 3087 bulbis
877 3015 1042 3087 contritis
1073 3040 1170 3112 supe:

342 3138 423 3214 est3
453 3127 526 3222 qui,
547 3126 610 3197 ubi
626 3129 849 3212 inaruerunt,
870 3127 1046 3213 efficiunt,
1067 3141 1109 3201 ut
1126 3128 1171 3200 vii

342 3238 474 3311 macho
491 3240 731 3325 contineatur,
751 3264 871 3335 exque
886 3265 930 3313 eo
948 3242 1016 3314 toti
1042 3265 1172 3338 corpor

338 3352 472 3448 nisque
489 3351 542 3422 vis
559 3351 694 3425 redeat.
751 3351 929 3425 Ultimum
943 3353 1120 3426 auxilium
1134 3379 1173 3427 es

343 3465 505 3561 ptisanae
524 3464 581 3536 vel
605 3463 718 3537 alicae
740 3490 941 3538 cremorem
968 3492 1014 3538 ex
1040 3465 1173 3540 inferio

343 3577 412 3649 bus
429 3577 577 3650 indere:
609 3577 786 3674 siquidem
806 3579 843 3651 id
861 3605 1007 3677 quoquc
1026 3581 1119 3653 vires
1136 3593 1177 3654 tu

345 3714 417 3785 que
434 3690 593 3764 alienum
611 3702 677 3776 est,
709 3693 856 3764 naribus
884 3717 1031 3790 quoque
1061 3706 1176 3766 aestus

346 3826 444 3889 vere,
464 3803 563 3900 quod
580 3803 741 3893 reficiat3
770 3805 890 3891 idest,
923 3830 1039 3878 rosam
1068 3820 1105 3879 et
1134 3806 1178 3878 vii

345 3915 470 4008 quain
487 3917 658 3988 extremis
688 3918 850 4014 partibus
880 3916 1026 4015 frigent,
1057 3919 1179 3992 unctis

344 4027 511 4098 manibus
537 4026 674 4101 fovere.
727 4029 795 4102 Per
823 4056 915 4127 quac
946 4033 975 4104 si
1001 4032 1176 4129 consequi

343 4150 441 4211 utet
458 4136 598 4210 sudoris
617 4141 772 4238 impetus
792 4144 985 4229 minuatur,
1006 4155 1043 4218 et
1069 4147 1143 4218 vita
1168 4169 1182 4243 1

380 4318 393 4346 ⁸
410 4314 425 4339 “
438 4306 550 4361 Farinae
562 4307 723 4363 hordeaceae
735 4312 957 4378 substantiatum
968 4313 1015 4365 lini
1028 4321 1056 4366 et
1068 4315 1183 4368 coriandi

346 4393 483 4466 pulverem
492 4391 617 4448 subtilem
626 4394 764 4450 coutrita’‘
786 4395 1184 4461 Veso.uccuonDros.ii.78,P
