2858 5296
738 194 744 205 Ι

119 251 328 278 “””“’
1223 261 1271 319 Ι

311 634 533 689 sir-:mersas
550 634 629 691 ars.
648 638 703 688 iv.
987 630 1058 711 175

89 838 138 889 un
156 824 231 901 est.
246 834 295 887 ne
310 812 438 887 anima
453 808 613 887 deficiat.
666 811 774 913 Ergo
787 826 868 890 tum
885 817 1058 920 confugi·

89 954 122 1003 n
136 940 200 1003 est
214 924 263 1001 ad
273 926 416 1001 vinum.
461 923 511 999 Id
523 948 604 1001 esse
621 941 770 1025 oportet
787 940 914 1019 tenue,
924 932 1056 1009 odora-

96 1066 192 1119 cum
208 1064 300 1141 aqua
314 1036 454 1139 ffigids
468 1040 630 1114 mixmm
643 1070 657 1133 3
688 1041 749 1116 vel
767 1041 919 1141 polenta
934 1045 1058 1146 adjec-

89 1155 121 1233 el
138 1152 246 1231 melle
261 1178 411 1255 quoque
426 1177 615 1228 assumere
631 1153 812 1254 expedit:
837 1159 1056 1257 quotiesque

89 1268 134 1345 id
147 1280 213 1345 aut
225 1267 448 1355 stomachus,
462 1277 529 1343 aut
545 1278 676 1343 venter
699 1266 843 1357 effudit,
863 1271 974 1345 toties
990 1295 1057 1370 per

119 1382 211 1459 vire
239 1388 449 1457 restituere.
509 1380 750 1458 Erasistrmns
783 1384 905 1481 primo
937 1382 1057 1459 tribus

89 1498 207 1597 guttis,
228 1508 297 1571 aut
321 1495 444 1594 quinis
469 1495 737 1593 aspergendam
757 1498 950 1595 potionem
975 1520 1056 1572 esse

92 1641 106 1703 3
133 1606 270 1685 deinde
287 1606 468 1707 paulatim
485 1632 631 1682 merum
644 1606 909 1707 adjiciendum.
960 1607 1056 1697 Is,si

89 1760 91 1785 ι
107 1724 219 1799 initio
234 1722 368 1795 vinum
385 1718 500 1807 dedit,
517 1733 558 1795 et
572 1732 714 1795 metum
739 1721 932 1797 cruditatis
948 1745 1055 1796 secu·

89 1850 127 1924 tt,
151 1858 234 1910 non
250 1834 334 1908 sine
360 1857 472 1908 cama
487 1831 605 1909 fecit:
631 1835 662 1907 si
678 1833 937 1910 vehementem
954 1834 1053 1909 infir-

89 1973 148 2027 em
165 1946 338 2047 adjuvari
356 1971 461 2046 posse
477 1948 594 2022 tribus
604 1948 721 2047 guttis
733 1948 889 2047 putavit,
903 1949 1051 2023 erravit.

89 2062 227 2137 inanis
240 2072 300 2135 est
315 2059 439 2147 homo,
466 2071 504 2135 et
529 2084 639 2135 crura
663 2059 743 2160 ejus
767 2060 1050 2149 contrahuntur,

89 2170 259 2275 ponenda
272 2174 380 2273 potio
403 2172 575 2249 absinthii
592 2184 660 2248 est.
713 2172 752 2247 Si
770 2186 956 2248 extremae
972 2198 1056 2273 par·

89 2286 230 2389 oeporis
243 2286 394 2387 digent,
410 2286 606 2385 ungendae
621 2297 712 2375 sunt
736 2286 858 2361 calido
877 2285 972 2376 oleo,
991 2285 1055 2362 cui

89 2398 264 2503 epaulum
282 2402 332 2475 sit
352 2398 551 2499 adjectum,
571 2399 773 2501 calidisque
794 2398 969 2477 fomentis
984 2424 1054 2476 nu·

89 2514 165 2593 dae.
217 2514 258 2589 si
274 2538 325 2589 ne
338 2514 410 2635 pub
427 2514 483 2588 his
500 2514 654 2614 quidem
668 2517 772 2616 quies
788 2515 887 2593 facta
902 2532 969 2606 est,
989 2543 1055 2593 ex·

89 2654 167 2707 scus
184 2640 319 2704 contra
336 2628 581 2703 ventriculum
597 2630 717 2728 ipsum
735 2632 970 2707 cucurbitula
991 2631 1054 2706 ad·
1196 2680 1199 2687 -

89 2744 171 2819 nds
188 2754 259 2831 est,
277 2754 346 2816 aut
362 2743 478 2841 sinapi
491 2743 877 2842 superimponendum.
929 2745 1006 2820 Ubi
1023 2746 1054 2818 is

89 2860 165 2947 itit,
184 2856 348 2931 dormire
361 2867 531 2955 oportet:
562 2871 709 2955 postero
728 2855 788 2930 die
807 2858 936 2955 utique
954 2882 976 2930 a
991 2880 1058 2955 po·

100 2972 318 3048 abstinere:
342 2970 401 3044 die
419 2971 527 3044 tertio
540 2972 578 3043 in
592 2970 764 3044 balneum
783 2971 860 3044 ire:
880 2967 1056 3067 paulatim

89 3092 132 3161 bo
151 3084 337 3161 relicere:
361 3108 491 3158 somno
508 3084 672 3182 quisquis
689 3081 798 3156 facile
824 3081 1055 3180 adquiescit;

89 3224 157 3299 que
171 3196 388 3273 lassitudine
405 3210 445 3273 et
459 3196 608 3295 frigore.
662 3196 700 3269 Si
717 3207 802 3294 post
826 3219 1057 3294 suppressam

89 3338 181 3388 enm
196 3309 379 3388 febricula
394 3324 529 3399 manet,
558 3311 681 3384 alvum
709 3309 796 3383 duci
814 3312 1057 3385 necessarium

106 3440 187 3503 turn
205 3426 299 3501 cibis
318 3426 475 3524 vinoque
493 3424 676 3500 utendum
694 3435 760 3498 est

89 3540 141 3617 ΙΙ.
168 3539 246 3615 Sed
270 3538 331 3613 hic
357 3539 504 3638 quidem
531 3539 680 3613 morbus
706 3550 745 3612 et
769 3550 900 3613 acutus
926 3551 992 3629 est,
1020 3552 1196 3615 etcoerueu.

89 3655 283 3731 ÷intestina
300 3651 603 3751 stomachumque
620 3664 787 3727 versatur
803 3654 867 3741 sic,
880 3667 933 3742 ut,
953 3626 1177 3754 cujusm⁰¹b¹¹⁸

89 3770 231 3845 nimum
251 3768 364 3865 partis
381 3768 438 3854 sit,
455 3791 530 3840 non
546 3764 655 3840 facile
673 3765 747 3840 dici
763 3768 889 3866 possit
943 3767 989 3840 In
1007 3769 1062 3866 ip-

93 3908 183 3959 vcro
198 3879 396 3957 ventriculi
413 3893 519 3979 porta
543 3881 767 3967 consistitis,
788 3882 851 3978 qui
875 3891 913 3954 et
929 3878 1062 3978 longus

100 3996 316 4071 consuevit:
335 3992 499 4078 κοιλιακδς
515 3992 704 4068 aGraecis
717 3994 940 4066 nominatur.
985 3993 1061 4069 Sub

96 4122 222 4186 venter
239 4109 452 4196 indurescit,
480 4106 658 4205 dolorque
684 4107 763 4205 ejus
780 4118 861 4180 est:
888 4105 991 4180 alvus
1008 4109 1062 4182 ni-

89 4222 208 4308 addit,
226 4247 271 4298 ac
289 4247 337 4297 ne
363 4223 532 4322 spiritum
558 4220 710 4321 quidem
735 4221 973 4296 transmittit:
1000 4246 1062 4296 ex·

89 4360 141 4412 rae
156 4347 281 4436 partes
304 4333 534 4435 fiigescunt:
561 4333 757 4409 difficulter
780 4334 926 4431 spiritns
943 4334 1063 4408 reddi·

129 4449 478 4525 Commodissimum
505 4461 560 4524 est
585 4451 681 4523 inter
707 4448 810 4521 initia
832 4447 950 4521 calida
967 4459 1063 4521 cata·

89 4576 184 4639 mata
201 4565 270 4639 toti
288 4566 405 4638 ventn'
423 4566 622 4663 imponere,
651 4575 694 4637 ut
717 4559 880 4635 dolorem
899 4560 1066 4635 leniant:

89 4678 242 4751 terbum
268 4702 425 4765 vomere,
452 4690 563 4775 atque
589 4679 641 4750 ita
666 4686 830 4749 ventrem
849 4673 1066 4747 exinanire:

89 4792 187 4863 rimis
205 4790 340 4866 deinde
357 4790 486 4867 diebus
504 4787 753 4866 cucurbitulas
771 4789 847 4862 sinc
865 4785 965 4859 ferro
981 4806 1066 4857 ven·
