2858 5296
411 736 632 791 menrcnms
649 740 723 792 um.
744 740 799 795 ur.
1080 728 1147 795 121

109 900 221 981 debet.
272 906 393 985 Minus
415 910 612 989 deliberari
636 926 768 1017 potest,
795 940 843 991 an
860 915 961 991 alvus
977 914 1150 993 ducenda

103 1020 162 1095 sit.
202 1018 308 1111 Trun,
323 1022 540 1125 interposito
556 1027 627 1116 die,
646 1030 821 1105 convenit
834 1041 946 1128 caput
961 1030 1007 1105 ad
1021 1043 1145 1106 cutem

104 1130 273 1225 tondere3
296 1134 428 1213 deinde
444 1162 542 1237 aqua
564 1138 701 1229 fovere,
728 1143 765 1216 in
793 1167 866 1241 qua
891 1142 1069 1217 verbenae
1085 1143 1146 1217 ali-

110 1268 200 1341 quae
213 1244 375 1325 &metae
390 1252 469 1327 sint
485 1276 533 1326 ex
549 1255 832 1353 reprimentibus
846 1285 857 1346 ;
886 1269 951 1330 aut
975 1256 1076 1353 prius
1095 1254 1146 1329 fo-

111 1379 199 1445 vete,
214 1356 517 1452 dfl'ndetondere,
534 1380 572 1441 et
584 1369 717 1442 iterum
728 1366 877 1459 fovere3
897 1392 941 1442 ac
953 1369 1147 1444 novissime

112 1492 183 1543 teta
194 1486 292 1573 capnt
306 1500 494 1576 naresque
519 1478 670 1578 implere
685 1510 696 1569 3
725 1481 854 1556 offerre
871 1483 982 1555 etiam
1000 1481 1147 1554 naribus

111 1594 220 1671 rutam,
242 1610 289 1661 ex
304 1602 420 1665 aceto
437 1594 658 1684 contritam3
686 1617 831 1669 movere
857 1605 1148 1668 sternutamenta

111 1694 363 1777 medicamentis
388 1702 432 1776 in
456 1704 496 1777 id
523 1703 741 1781 efficacibus.
795 1705 901 1794 Quae
918 1719 1043 1781 tamen
1060 1704 1147 1780 saci·

112 1806 184 1883 enda
196 1815 334 1889 suntin
353 1816 412 1903 iis,
439 1816 573 1915 quibus
589 1819 683 1892 vires
707 1842 781 1892 non
806 1819 950 1894 desunt
1002 1818 1145 1894 sivero

50 1938 53 1945 '
112 1914 308 2001 imbecillitas
325 1940 395 2015 est,
416 1952 499 2003 rosa
514 1942 656 2005 tantum
669 1943 792 2030 caput,
811 1931 955 2030 adjecto
971 1929 1140 2031 serpyllo,

117 2030 239 2113 timidive
252 2040 390 2139 aliquo,
411 2041 729 2118 madefaciendum
746 2058 812 2118 est.
849 2044 967 2119 Utiles
980 2047 1089 2119 etiam
1102 2046 1141 2117 in

120 2148 366 2253 quibuscunque
382 2156 523 2231 viribus
539 2155 674 2231 herbae
693 2156 788 2230 duae
805 2169 901 2243 sunt,
921 2155 1085 2230 solanum
1103 2169 1142 2232 et

120 2260 250 2353 maha,
267 2266 418 2342 sisimul
444 2293 492 2342 ex
516 2282 671 2368 utraque
696 2293 809 2343 succo
833 2292 1005 2368 expresso
1029 2281 1140 2367 caput

119 2366 270 2471 inpletur.
295 2376 444 2455 Cumae
456 2379 567 2457 febris
579 2384 766 2469 remiserit,
781 2380 1139 2457 frictione'utendum

117 2496 167 2573 “t
175 2493 313 2588 parcius
323 2506 450 2569 tamen
460 2497 498 2568 in
509 2497 562 2582 iis,
575 2498 637 2594 qui
647 2497 752 2569 nimis
763 2495 902 2584 hilares,
916 2521 1024 2595 quam
1036 2496 1074 2569 in
1085 2497 1138 2582 iis,

115 2600 266 2695 qdnirnis
284 2608 409 2684 tristes
424 2622 519 2684 sunt.
562 2608 751 2684 Adversus
763 2612 926 2684 omnium
943 2622 1068 2685 autem
1084 2612 1137 2684 sic

69 2746 72 2753 ·
112 2708 340 2795 inurentium
356 2722 498 2796 animos
515 2746 642 2821 gerere
666 2748 705 2797 se
730 2749 796 2822 pro
812 2725 990 2823 cujusque
1009 2737 1138 2796 natura

63 2838 69 2877 ·'
111 2834 323 2907 mnrium
347 2848 415 2910 est.
468 2835 707 2923 Quorundam
725 2840 823 2911 enirn
841 2838 925 2909 vani
951 2849 1071 2907 metus
1088 2834 1138 2907 le·

108 2942 191 3017 tandi
215 2960 330 3039 sunt;
358 2950 456 3024 sicut
482 2952 519 3023 in
547 2949 692 3024 homine
716 2950 916 3050 praedivite
933 2948 1068 3020 famem
1094 2949 1137 3019 ti·

107 3072 206 3133 nente
220 3061 364 3148 incidit,
383 3065 444 3137 cui
462 3063 615 3138 subinde
631 3063 742 3137 falsae
756 3061 976 3134 hereditates
994 3061 1136 3132 nuntia·

107 3162 244 3246 benten:
268 3176 499 3275 quorundam
523 3177 677 3252 audacia
706 3172 910 3249 coercenda
934 3186 1015 3263 est3
1042 3173 1138 3246 sicut

107 3278 136 3350 in
148 3282 191 3355 iia
204 3284 255 3371 fit,
269 3290 307 3361 in
321 3290 455 3388 quibus
473 3288 702 3365 continendis
724 3285 854 3386 plagae
871 3309 1019 3384 quoque
1036 3286 1136 3359 adhi-
1147 3300 1243 3368 Pluu-

110 3398 245 3477 benun:
270 3403 500 3503 quorundam
523 3406 631 3478 etiam
657 3401 932 3498 intempestivus
956 3402 1047 3473 risus
1073 3401 1135 3474 ob·

106 3512 287 3614 jugaeone
303 3532 342 3592 et
355 3519 461 3591 minis
474 3518 675 3592 finiendus:
693 3513 922 3615 quorundam
940 3513 1135 3588 discutien-

112 3626 161 3703 dae
184 3634 303 3705 tristes
328 3632 592 3728 cogitationes3
620 3629 666 3702 ad
694 3627 794 3728 quod
823 3627 1069 3725 symphoniae,
1098 3639 1248 3701 etnruees

113 3744 262 3839 cymbala,
283 3747 527 3843 strepitusque
544 3742 746 3842 proficiunt.
783 3741 932 3839 Saepius
945 3753 1067 3815 tamen
1084 3764 1137 3813 as·

113 3857 326 3945 sentiendum,
352 3882 462 3955 quarn
480 3855 756 3955 repugnandum
775 3870 855 3945 est,
878 3853 1135 3952 paulatimque,

116 3980 228 4047 etnon
252 3971 456 4059 evidenter,
484 3973 529 4045 ab
555 3972 609 4059 iis,
637 3994 730 4068 quae
754 3969 864 4043 stulte
882 3968 1062 4053 dicentur,
1090 3966 1138 4040 ad

118 4082 234 4160 meliora
254 4109 360 4161 mens
376 4084 604 4159 adducenda.
657 4081 848 4158 Interdum
866 4083 974 4155 etiam
992 4079 1137 4154 elicien-

118 4192 261 4297 daipsius
278 4199 435 4272 intentio
445 4227 456 4288 3
477 4209 519 4271 ut
535 4197 576 4271 fit
591 4198 628 4270 in
647 4195 854 4270 hominibus
872 4193 1040 4268 studiosis
1057 4190 1134 4266 lite·

118 4329 219 4400 anun,
238 4312 372 4411 quibus
387 4309 478 4384 liber
503 4309 647 4409 legitur,
672 4322 737 4383 aut
761 4320 872 4389 recte,
899 4308 927 4378 si
954 4304 1136 4379 delectan-

119 4432 167 4507 tur,
181 4440 241 4499 aut
256 4448 456 4524 perperam,
484 4425 513 4498 si
534 4423 572 4497 id
593 4425 711 4522 ipsum
735 4446 797 4494 eos
813 4419 985 4493 offendit:
1013 4443 1135 4492 emen-

121 4528 211 4611 dando
235 4541 331 4612 enirn
366 4550 578 4612 convertere
604 4537 765 4610 animum
791 4535 980 4630 incipiunt.
1034 4531 1136 4621 Quin

122 4648 199 4722 etiam
228 4653 391 4739 recitare,
423 4652 452 4725 si
478 4676 551 4750 qua
575 4650 831 4733 meminerunt,
858 4644 1016 4743 cogendi
1042 4657 1137 4717 sunt.

123 4754 166 4829 dd
179 4765 292 4838 cibum
311 4789 456 4862 quoque
471 4764 646 4865 quosdam
661 4787 735 4839 non
750 4759 995 4834 desiderantes
1010 4757 1140 4829 redux-
