2858 5296
327 326 404 397 214
707 344 745 395 a.
762 338 878 395 cuna.
894 338 1002 395 cm
1076 316 1079 321 ’

329 516 599 619 canuno-a·
617 516 1160 621 mammem

331 632 380 709 ria
397 631 558 709 hemina.

168 764 305 827 murm
380 754 418 835 7.
438 740 1161 845 Practcrccnuntquaodmgauen'aejm

330 858 420 958 quia
443 858 625 959 capitibuo
641 856 765 935 fluctio
785 858 946 935 maxime
972 856 1161 955 convcuim

332 996 356 1045 a
380 968 538 1049 Graecia
552 971 801 1049 nominautm.
851 968 1016 1049 Philotae
1038 992 1161 1071 compr

333 1098 452 1161 tarrae
482 1084 659 1174 Ercfflac,
694 1084 900 1161 chalcitidis
935 1081 1161 1185 singolorum

333 1197 514 1299 myrrhae,
527 1200 621 1275 aena
632 1197 829 1287 combusti,
839 1196 1065 1299 singulorum
1076 1220 1116 1297 p·
1132 1220 1161 1281 ar

332 1308 474 1387 ocollac
490 1336 527 1411 p.
550 1312 877 1411 n.v1.aeruginia
900 1334 1015 1399 mae,
1031 1308 1162 1387 alumiu

333 1424 428 1524 miay
459 1422 579 1513 crudi,
613 1424 879 1515 aristolochiae.
917 1420 1143 1525 singulorum

332 1538 668 1637 squamaeaeriap.
688 1536 918 1626 machario
934 1534 1162 1635 maaculipz

331 1672 369 1749 p.
387 1672 414 1724 1.
432 1672 547 1740 roone,
558 1662 599 1727 et
610 1650 684 1727 olei
698 1653 832 1741 acerbi,
847 1664 971 1729 temon
986 1646 1149 1751 cyathoe,

332 1772 414 1837 tum
430 1764 518 1839 antia
533 1776 603 1854 eat,
622 1764 712 1840 dum
727 1763 830 1841 arida
844 1789 894 1841 ex
909 1788 956 1840 ao
971 1772 1162 1839 conruunt

171 1888 298 1941 aarum
384 1882 421 1951 8.
447 1876 568 1954 Aliud
583 1878 629 1955 ad
642 1878 742 1955 idem
754 1878 893 1955 viride:
911 1876 1162 1955 aeriaeumbur

333 1989 438 2077 aeria,
457 1990 638 2086 myrrhae,
665 1990 945 2093 ichthyocollae,
972 1988 1162 2091 cinguluru

333 2104 427 2201 miay
444 2102 562 2193 crudi,
588 2106 772 2203 aeruginis
795 2130 910 2194 rasae,
936 2102 1162 2181 niatolochia

334 2215 495 2306 rouundi,
509 2216 738 2319 singulorum
747 2242 785 2318 p.
807 2248 853 2307 κ.
863 2245 949 2296 vm.
967 2240 1073 2295 cerae
1086 2241 1125 2319 p.
1143 2254 1163 2315 a

336 2331 445 2419 mina,
461 2331 557 2407 aceti
574 2330 676 2431 quud
692 2332 777 2408 satia
793 2333 852 2407 ait,

169 2458 298 2511 Μαι
383 2452 421 2529 9.
448 2442 537 2521 Puri
551 2458 675 2522 autem
692 2445 878 2523 movendo
900 2470 977 2522 non
1000 2443 1104 2521 aliud
1119 2466 1163 2519 ou

334 2559 436 2659 quod
460 2558 773 2660 expeditissimum
790 2572 870 2636 eat:
898 2560 1163 2660 πτραφάρμαω

333 2676 552 2749 nominatur.
608 2674 734 2750 Habet
750 2699 855 2774 parea
874 2676 1060 2774 portiones
1076 2694 1164 2748 cera

333 2789 444 2875 sinae,
463 2790 539 2863 sevi
556 2791 688 2864 taurini
703 2821 714 2881 3
742 2790 773 2862 si
789 2787 829 2863 id
845 2811 921 2863 non
938 2798 1005 2874 est,
1023 2784 1165 2862 vitulini

223 2918 297 2966 iem
388 2910 446 2975 10.
474 2901 646 2978 Alterum
671 2902 719 2977 ad
742 2901 852 2990 idem,
879 2903 1164 3000 inropoigpoenorr

98 3040 102 3047 ·
334 3013 435 3111 quod
452 3017 725 3115 magiapurgat,
778 3016 932 3090 Constat
944 3038 993 3089 ex
1005 3036 1165 3089 novem1

332 3123 453 3212 melle,
471 3150 570 3214 aevo,
597 3130 726 3215 resina,
754 3128 911 3226 myrrha,
939 3153 1030 3216 rona,
1058 3124 1165 3201 medu

331 3237 417 3313 vina
433 3237 493 3313 vel
510 3238 663 3314 vitulina
677 3239 737 3315 vel
753 3239 903 3328 bubula,
931 3257 1099 3341 oesyp0‚·
1113 3237 1165 3313 bu

332 3376 415 3428 rum
432 3354 592 3454 ipsorum
611 3377 757 3452 quoque
774 3354 938 3452 pondera
953 3355 1056 3453 paria
1071 3353 1166 3427 misc

223 3486 231 3533 r
249 3500 297 3535 em.
385 3474 444 3542 11.
471 3467 566 3542 Sunt
581 3479 704 3542 autem
722 3466 901 3566 quaedam
919 3466 1124 3566 emplastra,
1153 3490 1166 3564 ‘.

333 3605 449 3680 usque
462 3581 514 3655 rei
524 3579 678 3656 facultas
691 3595 768 3657 est:
788 3605 895 3680 quae,
911 3583 940 3654 si
954 3578 1098 3679 singula
1109 3578 1166 3653 hal

331 3692 482 3767 meliora
498 3704 609 3780 suut3
636 3692 756 3767 sedin
780 3696 887 3793 copia
911 3692 1113 3794 rejicienda
1128 3716 1167 3767 au

330 3805 404 3878 tius
415 3805 599 3892 adhibitis,
617 3830 711 3904 quae
723 3811 869 3905 proprie
882 3807 931 3896 id,
948 3807 1049 3908 quod
1061 3831 1108 3882 eo
1120 3818 1168 3882 ter

330 3928 397 4003 cst,
421 3930 706 4019 consequuntur.
758 3919 930 4020 Exempli
948 3945 1058 3996 causa
1080 3919 1158 3994 duo

330 4028 398 4104 Est
414 4031 527 4130 igitur
548 4030 596 4106 ad
621 4031 773 4107 vulnera
798 4032 993 4108 Attalum:
1027 4032 1130 4130 quod
1154 4030 1169 4105 l

362 4255 375 4283 ⁸
389 4246 486 4302 &rues
497 4247 705 4321 pinguediuonae
717 4248 857 4316 lunarum3
870 4266 918 4321 pcc
926 4247 1040 4305 lotionea
1049 4246 1170 4303 iteratae«

326 4334 469 4384 extractae.
506 4330 582 4387 Pun.
602 4331 679 4386 xxix.
698 4337 723 4385 2.
759 4330 836 4388 Dios.
856 4331 883 4386 ii.
901 4337 944 4386 66.
981 4331 1050 4386 Fora
1067 4329 1171 4387 curlorir

326 4430 464 4486 oesypum.
