2858 5296
264 736 648 797 annominemus
927 734 1000 813 109

87 940 125 993 m
139 928 298 1019 etpurum
311 924 433 996 aerem
449 918 591 997 trabere
602 924 740 1023 possit3
767 948 887 1027 noque
903 927 996 1003 mui-

87 1030 233 1107 stimeutis
246 1030 539 1133 strangulandus,
557 1034 623 1111 sed
639 1035 840 1113 admodum
851 1038 993 1117 levibus

87 1140 281 1221 uvekudns
295 1158 365 1221 est.
416 1144 575 1223 Possunt
589 1149 702 1223 etiam
728 1172 840 1249 super
864 1165 994 1229 stoma·

88 1256 209 1357 imponi
223 1256 313 1333 folia
326 1260 412 1335 vitis
427 1260 466 1333 in
483 1284 579 1361 aqua
595 1260 732 1361 frigida
755 1264 881 1339 tincta.
933 1264 993 1341 Ac

89 1370 227 1469 quidun
243 1372 359 1447 nimia
385 1371 576 1448 vexandus
601 1388 669 1450 est.
722 1374 895 1451 Alendus
921 1402 994 1453 ma·

88 1496 139 1572 nt,
153 1483 194 1558 id
209 1497 281 1574 est,
299 1510 323 1559 a
337 1484 398 1559 die
414 1487 546 1575 tertio;
565 1501 609 1563 et
624 1498 711 1563 aute
722 1488 847 1565 cibum
864 1490 993 1565 iisdem

88 1596 208 1673 sudus.
261 1598 302 1673 si
317 1599 451 1697 pituita
465 1600 505 1673 in
522 1600 709 1677 stomacho
721 1598 822 1691 boiit,
844 1601 995 1679 inclinu-

88 1712 304 1799 rocessione,
321 1734 469 1787 vomere
484 1712 672 1811 cogendus
687 1728 744 1790 est
758 1744 770 1807 3
797 1728 879 1790 tum
903 1715 993 1791 dan-

88 1824 218 1923 gidum
235 1823 329 1912 olus,
347 1835 412 1901 aut
425 1848 588 1925 pomum,
607 1850 654 1901 ex
670 1827 725 1914 iis,
749 1852 843 1927 quae
859 1841 990 1905 stoma·

88 1938 262 2013 rveniunt.
314 1936 354 2011 Si
371 1938 490 2012 siccus
505 1951 631 2014 manet
658 1940 876 2029 stomachus,
905 1964 989 2041 pro-

88 2050 120 2125 el
143 2052 322 2151 ptisanae,
348 2048 408 2125 vel
432 2050 560 2138 alicae,
591 2048 650 2126 vel
676 2074 806 2150 oryzae
822 2064 990 2144 cremor,⁸

100 2176 166 2251 est,
182 2186 266 2239 cum
286 2187 361 2263 quo
377 2188 503 2238 recens
519 2163 633 2262 adeps
662 2176 769 2239 cocta
783 2166 841 2241 sit.
890 2166 989 2241 Cum

103 2298 239 2351 suno
253 2276 483 2351 incremento
498 2277 648 2351 morbus
673 2288 740 2364 est,
770 2278 898 2377 utique
914 2302 989 2353 non

89 2400 208 2465 urum
224 2390 337 2476 diem,
352 2414 484 2491 magna
499 2390 559 2466 siti
574 2388 829 2479 antecedente,
854 2388 989 2491 frigida

89 2502 193 2603 pinse
212 2502 431 2603 praestanda
458 2508 524 2590 est,
556 2516 597 2578 nt
625 2505 727 2579 bibat
753 2504 862 2579 etiam
892 2504 988 2581 ultra

89 2642 159 2711 tm3
191 2632 334 2693 etcum
354 2616 432 2716 jam
450 2632 577 2691 venter
599 2629 637 2692 et
662 2617 874 2716 praecordia
889 2622 988 2693 ultra

108 2730 261 2831 repleta,
287 2731 445 2828 satisque
471 2728 681 2829 refrigerata
710 2743 806 2817 sunt,
837 2755 986 2804 vomere

103 2843 269 2933 Quidam
286 2868 333 2917 ne
349 2845 525 2917 vomitum
543 2843 691 2942 quidem
709 2844 889 2940 exigunt3
920 2842 987 2915 sed

89 2982 132 3033 us
155 2955 292 3057 frigida
313 2970 466 3043 tantum,
498 2957 544 3029 ad
566 2958 769 3029 satietatem
797 2953 893 3037 data,
919 2977 988 3051 pro

89 3082 201 3145 uento
221 3081 386 3144 utuntur.
438 3068 513 3143 Ubi
531 3066 747 3141 utrumlibet
762 3062 902 3138 factum
920 3076 986 3151 est,

89 3198 167 3259 oste
183 3182 403 3283 operiendus
419 3194 484 3269 est,
505 3192 543 3254 et
559 3176 806 3264 collocandus,
839 3189 880 3251 ut
904 3174 989 3250 dor-

91 3294 250 3397 Fereque
267 3310 351 3395 post
366 3296 513 3393 longam
532 3293 629 3367 sitim
647 3302 685 3365 et
701 3288 872 3388 vigiliam,
903 3302 987 3389 post

90 3412 320 3496 :satietatem
338 3420 420 3507 post
436 3405 632 3481 infractum
661 3403 830 3489 calorem,
854 3400 985 3501 plenus

96 3526 208 3612 venit,
229 3549 296 3623 per
324 3547 434 3621 quem
462 3524 592 3620 ingens
620 3518 732 3593 sudor
759 3517 981 3611 effunditur3

90 3638 390 3711 raesentissimum
407 3633 581 3708 auxilium
599 3644 679 3707 est:
706 3629 772 3705 sed
801 3632 839 3704 in
868 3632 914 3705 iis
930 3643 983 3706 ta·

101 3751 235 3850 quibus
251 3759 393 3848 praeter
409 3747 584 3833 ardorem,
612 3742 702 3818 nulli
719 3742 873 3832 dolores,
901 3743 982 3817 nul·

90 3863 308 3939 mordiorum
337 3877 480 3953 tumor3
507 3859 597 3933 nihil
624 3856 831 3956 prohibens,
859 3855 918 3929 vel
944 3857 981 3928 in

107 3976 166 4051 vel
183 3978 222 4049 in
239 3974 423 4074 pulmone,
442 3972 500 4047 vel
512 3974 551 4044 in
564 3969 756 4056 faucibus3
774 3992 852 4041 non
866 3966 982 4052 ulcus,

90 4092 189 4174 aetio,
207 4112 281 4161 non
298 4087 519 4186 profluvium
536 4086 607 4158 alvi
623 4080 705 4157 firit„
759 4079 796 4153 Si
823 4080 904 4178 quis
919 4103 981 4153 au·

90 4200 285 4302 rujusmodi
302 4198 403 4274 febre
420 4199 547 4273 leviter
564 4198 681 4281 tussit,
699 4195 730 4266 is
741 4216 860 4290 neque
873 4191 981 4267 vehe-

90 4317 117 4391 ti
135 4313 376 4399 conflictatur,
395 4336 514 4410 neque
531 4310 655 4384 bibere
667 4302 979 4404 aquamfrigidam

91 4429 156 4504 sed
174 4452 220 4502 eo
237 4427 348 4501 modo
377 4425 561 4501 curandus
588 4434 653 4508 est,
682 4444 755 4519 quo
783 4418 820 4490 in
847 4419 978 4492 ceteris

101 4543 333 4644 praecipitur.

95 4715 188 4769 adlib.
206 4715 236 4768 ii·
261 4718 300 4768 12.
318 4718 343 4770 2.
365 4711 489 4786 respiciat
507 4709 601 4765 lector.
638 4702 766 4761 Omnium
787 4700 859 4756 onim
878 4712 981 4752 cremor

91 4800 156 4854 itur
165 4799 278 4855 ratione.
