2858 5296
340 351 390 432 74
715 367 751 417 s.
771 368 883 418 cona.
903 367 1012 419 cansr

340 544 560 621 naturalium
576 541 820 628 sudationum,
847 543 910 617 ubi
938 554 1032 618 terra
1053 541 1195 642 profusa

340 680 452 756 vapor
468 655 634 732 aedificio
650 656 861 742 includitur,
879 656 975 731 sicut
991 680 1102 755 super
1114 656 1194 731 Bais

337 772 424 846 tetis
441 770 628 845 habemus.
680 769 829 846 Praeter
844 768 948 857 haec,
966 768 1041 844 sole
1059 794 1193 868 quoque

338 884 511 959 citatione
544 892 722 958 movetur.
774 881 964 980 Utiliaque
996 881 1089 956 haec
1118 905 1192 980 gen

339 998 482 1096 quoties
511 995 643 1071 humor
676 996 776 1070 intus
800 1006 922 1083 nocet,
948 996 1052 1094 isque
1077 993 1191 1094 digert

340 1111 402 1186 Ac
419 1133 613 1185 nervomm
630 1132 778 1209 quoque
795 1108 977 1208 quaedam
994 1108 1083 1183 vitia
1099 1109 1151 1183 sic
1169 1130 1191 1183 o

340 1234 478 1299 rantur.
530 1221 604 1296 Sed
620 1233 743 1298 cetera
757 1221 907 1295 infirmis
920 1231 1073 1321 possunt
1085 1244 1190 1296 conve

341 1347 381 1413 et
395 1335 611 1412 exercitatio
628 1345 769 1409 tantum
787 1335 1080 1428 robustioribus;
1108 1334 1172 1434 qui

340 1472 389 1523 ne
405 1445 519 1534 febre,
538 1446 597 1522 vel
613 1449 709 1522 inter
725 1448 829 1521 initia
844 1447 1066 1535 morborum,
1092 1445 1152 1522 vel
1176 1469 1189 1522 s

319 1562 449 1634 >vibus
464 1561 600 1635 morbis
625 1573 807 1636 tenentur.
860 1559 1076 1636 Cavendum
1101 1570 1188 1636 aute

341 1670 432 1773 quid
449 1672 581 1747 horum
597 1672 656 1748 vel
671 1674 711 1746 in
729 1671 841 1760 febre,
861 1672 921 1749 vel
945 1674 983 1747 in
1010 1671 1188 1749 cruditate

246 1801 268 1850 ei
342 1788 399 1862 At
414 1786 536 1862 balnei
552 1784 691 1885 duplex
716 1810 804 1860 usus
828 1800 894 1862 est.
945 1785 1043 1860 Nam
1072 1784 1187 1874 modo

228 1884 247 1916 ⁸'
341 1899 514 1986 febribus,
539 1901 684 1975 initium
712 1900 784 1973 cibi
814 1899 998 1997 plenioris,
1028 1899 1179 1997 vinique

342 2014 544 2090 valetudini
559 2011 674 2104 facit;
701 2010 813 2086 modo
829 2010 969 2087 febrem
993 2012 1109 2110 ipsam
1127 2007 1186 2086 toll

342 2152 416 2226 que
439 2125 644 2212 adhibetur,
663 2125 728 2200 ubi
745 2148 924 2198 summam
942 2136 1067 2199 cutem
1084 2123 1186 2198 relax

340 2242 445 2338 rique
471 2249 683 2337 corruptum
717 2235 919 2324 hmnorem,
959 2249 999 2313 et
1031 2236 1185 2312 babitun

340 2351 474 2426 mutari
498 2349 660 2450 expedit.
713 2348 871 2449 Antiqui
896 2349 1060 2424 timidius
1087 2373 1185 2426 eou

340 2462 580 2562 Asclepiades
610 2462 795 2537 audacius.
857 2461 991 2562 Neque
1024 2474 1160 2538 terrere

339 2578 458 2666 roasi
481 2577 698 2676 tempestiva
726 2587 791 2664 est,
811 2575 946 2668 debet3
959 2623 961 2625 ·
974 2586 1059 2649 ante
1084 2587 1184 2674 temp

341 2690 518 2791 Quisquis
542 2689 644 2765 febre
677 2688 850 2764 liberatus
884 2700 950 2775 est,
980 2689 1184 2787 simulatqm

339 2804 401 2878 die
414 2827 489 2877 non
506 2805 669 2891 accessit,
689 2828 734 2877 eo
752 2805 815 2902 qui
832 2803 1019 2902 proximus
1044 2812 1109 2889 est,
1137 2826 1184 2900 po

339 2917 566 3001 accessionis,
603 2928 685 2990 tuto
719 2916 830 2990 lavari
863 2926 994 3015 potest.
1046 2914 1103 2989 At
1130 2915 1162 2988 si

338 3027 473 3101 habere
497 3050 542 3097 ea
566 3023 676 3100 febris
704 3027 809 3102 solita
833 3041 899 3113 est,
926 3029 977 3102 sic
1003 3038 1046 3102 ut
1070 3027 1184 3115 tertio,

341 3139 400 3212 die
418 3148 630 3223 revertatur,
645 3139 940 3237 quandocunque
954 3165 1027 3213 non
1040 3141 1184 3214 accessit

338 3262 461 3326 tutum
487 3261 554 3324 est
605 3247 844 3324 Manentibus
878 3276 966 3324 vero
999 3252 1120 3326 adhuc
1153 3250 1184 3326 fe

338 3363 409 3438 hae
425 3373 511 3437 sunt
523 3360 654 3449 lentae,
672 3361 844 3461 lenesque
855 3361 1000 3461 jamdiu
1016 3364 1111 3439 male
1128 3364 1184 3438 hal

341 3475 525 3552 medicina
549 3475 620 3548 ista
644 3485 831 3550 tentatur:
867 3500 953 3549 cum
978 3501 1023 3550 eo
1048 3490 1182 3565 tamen,

338 3589 465 3665 cordia
480 3587 573 3662 dura
588 3586 672 3674 sint,
690 3612 785 3661 neve
808 3613 851 3661 ea
871 3600 1047 3677 tumeant,
1066 3613 1159 3664 neve

338 3728 427 3803 pera
442 3704 499 3791 sit,
518 3724 612 3775 neve
628 3711 693 3775 aut
717 3701 755 3773 in
778 3701 902 3776 medio
926 3726 1090 3801 corpore,
1116 3715 1181 3777 aut

337 3815 442 3890 dolor
458 3813 555 3888 ullus
572 3814 628 3900 sit,
645 3836 739 3887 neve
756 3824 835 3887 tum
851 3813 962 3888 febris
978 3817 1168 3890 increscat.

183 3973 285 4021 m„
340 3926 490 4025 quidem
503 3923 674 4012 febribus
686 3950 780 4022 quae
794 3939 935 4002 certum
948 3929 1143 4003 circuitum
1153 3927 1184 4001 h:

179 4049 320 4155 qm*
341 4037 463 4115 balnei
475 4048 639 4136 tempora
655 4052 741 4113 sunt
755 4069 766 4131 ;
794 4039 958 4126 alterum,
975 4059 1059 4116 ante
1074 4041 1182 4115 horro

341 4176 434 4236 rum,
446 4149 549 4223 febre
564 4149 687 4224 finita:
715 4153 752 4225 in
766 4154 809 4225 iis
820 4179 917 4240 vero,
933 4157 996 4253 qui
1007 4154 1113 4229 lentis
1125 4153 1185 4228 feb

339 4265 561 4352 detinentur,
580 4288 666 4338 cum
682 4277 747 4338 aut
763 4290 809 4338 ex
828 4279 905 4340 toto
930 4270 1078 4342 recessit
1100 4292 1185 4342 acce

339 4383 370 4457 si
385 4380 425 4454 id
442 4401 517 4452 non
533 4375 635 4465 solet,
654 4395 753 4452 certe
779 4376 890 4452 lenita
906 4391 972 4467 est,
984 4379 1136 4478 jamque
1153 4405 1186 4454 ct

338 4495 523 4593 integrum
535 4501 601 4581 est,
616 4514 725 4590 quam
743 4491 901 4566 maxime
918 4516 995 4567 esse
1012 4494 1050 4568 in
1066 4517 1111 4568 eo
1127 4516 1186 4593 ger
