2858 5296
223 326 296 405 lffl
599 354 891 409 »suanenses

218 524 356 627 cyatho
374 540 554 619 auur,
580 528 693 631 'alque
717 527 946 631 tepefactum
970 528 1039 605 sori

214 638 329 717 ethin
344 666 425 721 m
435 666 528 721 m
540 644 677 743 opinio,
692 642 886 745 vulpinum
893 642 1020 743 jecur,

214 764 257 829 et
271 754 418 833 aridam
428 752 566 831 amn
581 766 649 842 est,
668 754 848 833 oonmudi
863 766 1043 855 omum

215 866 568 969 quecxeopotioni
591 868 758 970 aspergi3
780 868 841 944 vel
863 866 1032 967 ejudem

217 1004 333 1081 quarn
346 978 629 1057 recentissimum
646 1004 779 1071 assum,
797 980 865 1057 sed
884 981 968 1055 ἀι
986 978 1047 1055 h

218 1092 505 1171 edendnm
556 1092 706 1170 Praeter
721 1093 824 1183 haec,
850 1092 1049 1169 sorffinil

218 1206 291 1283 bus
307 1206 395 1283 citis
408 1204 588 1281 utendum
599 1218 677 1295 est;
691 1206 877 1282 interdum
888 1208 1050 1281 vinctim

217 1320 643 1419 nonuunquamvomitu.
696 1317 855 1396 Prosunt
870 1320 997 1407 etiarn
1023 1344 1051 1421 q

216 1430 359 1507 urim
373 1444 547 1507 movent:
575 1432 643 1509 sed
658 1431 749 1507 nihil
767 1434 895 1533 magis,
926 1456 1042 1533 quan

215 1544 315 1625 lcum
327 1570 447 1649 paene
461 1572 579 1651 usque
606 1549 655 1625 ad
679 1549 930 1625 lassitudinem
945 1578 958 1641 3
989 1546 1051 1625 fiir

213 1660 412 1763 praecipue
437 1660 651 1739 inferiorum
668 1664 838 1762 partium,
864 1660 925 1737 vel
952 1662 992 1737 in
1021 1684 1051 1737 st

214 1772 352 1875 iguem
369 1786 410 1851 et
423 1798 493 1877 per
508 1800 549 1851 se
565 1776 696 1875 ipsum,
716 1787 755 1850 et
770 1798 838 1876 per
853 1773 954 1863 alios,
987 1796 1051 1875 usq

217 1886 355 1977 dom

67 2040 177 2097 m.
267 2008 307 2079 8.
331 2000 379 2077 Iu
392 2002 564 2079 interiore
572 2027 660 2078 vero
671 2003 833 2078 faucium
843 2012 948 2102 parte
962 2001 1051 2077 inter

67 2110 148 2163 ἢ*
220 2114 358 2191 ceratio
372 2138 451 2191 esse
467 2117 666 2191 consuevit
717 2115 764 2189 I'n
777 2114 845 2189 hac
858 2114 1052 2214 pleriquet

215 2226 480 2329 cataplasmatis
495 2226 632 2317 calidis,
651 2226 894 2326 fomentisque
906 2224 1052 2301 humidi

214 2338 345 2418 volunt
359 2342 469 2417 etiam
485 2364 656 2441 vaporem
673 2340 833 2416 calidum
850 2363 913 2415 ore
925 2338 1053 2439 recipi:

214 2452 397 2531 molliores
412 2452 473 2531 alii
489 2466 610 2555 partes
625 2478 686 2529 eas
709 2452 788 2529 fieri
808 2454 948 2540 dicunt,
972 2476 1054 2553 opp

212 2590 288 2665 que
305 2569 395 2644 vitio
412 2566 491 2668 jam
509 2567 682 2644 haerenti.
734 2567 819 2656 Sed,
848 2569 877 2641 si
903 2567 998 2640 bene
1027 2588 1055 2639 v.

213 2692 346 2779 potest,
365 2693 446 2758 tuta
460 2680 521 2757 illa
537 2680 736 2780 praesidia:
767 2682 798 2754 si
815 2691 933 2753 metus
951 2676 1030 2776 ejus
1045 2702 1056 2753 t

216 2818 332 2870 vacua
348 2809 445 2871 sunt
495 2794 636 2894 Utique
653 2807 776 2869 autern
804 2790 1000 2893 perfricare
1031 2787 1058 2864 fr

165 2916 170 2927 '
214 2906 380 2982 culusum
394 2922 469 2984 est:
495 2909 682 2984 exulcerat
710 2908 818 2982 enim.
871 2903 1006 3001 Neque
1033 2926 1059 2976 u

214 3042 310 3119 quae
340 3021 464 3094 urinae
492 3021 693 3095 movendae
722 3032 830 3111 sunt3
872 3017 957 3116 quia
982 3038 1060 3115 post

214 3142 415 3219 transeunt,
448 3131 500 3204 ibi
527 3156 673 3230 quoque
707 3134 874 3230 pituitam
908 3140 1062 3202 extenua

215 3243 391 3343 supprimi
407 3242 537 3318 melius
553 3258 618 3320 est.
671 3242 909 3343 Asclepiades
923 3239 1063 3315 multari

217 3384 309 3459 quas
325 3359 396 3459 ipsi
413 3383 559 3458 quoque
580 3361 696 3435 secuti
721 3385 857 3447 sumus,
886 3370 1015 3433 auctor
1036 3357 1065 3434 b=

219 3492 300 3552 tum
315 3476 367 3551 ait
382 3499 490 3576 quam
501 3478 717 3550 acerrimum
727 3501 805 3551 esse
819 3475 1064 3566 sorbendum

219 3597 298 3670 sine
315 3592 389 3669 ulla
403 3616 500 3668 noxa
516 3595 706 3697 comprimi
720 3594 852 3667 ulcera.
905 3589 978 3665 Sed
990 3588 1030 3665 id
1040 3612 1068 3663 sr

221 3708 434 3807 sanguinem
450 3718 593 3804 potest;
626 3706 748 3781 ulcera
775 3707 852 3806 ipsa
878 3727 1004 3781 sanare
1031 3724 1070 3777 nt

220 3956 337 4033 aeque
353 3934 505 4033 probat:
530 3932 588 4007 vel
619 3934 726 4031 porri,
754 3931 808 4005 vel
838 3928 1009 4004 marrubii
1037 3952 1073 4001 su

255 4218 269 4247 2
285 4178 329 4231 Ex
341 4178 435 4231 arbore
457 4172 549 4244 Lycio,
571 4190 638 4244 quao
660 4182 687 4225 ot
709 4173 803 4224 Buxea
822 4170 912 4241 spinea
933 4168 1020 4223 dicta:
1039 4164 1077 4222 sol

222 4278 332 4334 rumque
343 4266 515 4315 contusarum
533 4265 692 4309 extractum.
728 4255 803 4308 Dios.
814 4255 831 4306 i.
849 4258 904 4306 118.
940 4250 1022 4305 Multi
1043 4249 1078 4305 At

221 4345 277 4401 clau
287 4350 388 4418 putam
423 4341 522 4397 (laces.
537 4340 602 4393 Mat.
616 4339 687 4392 Mod.
701 4338 732 4392 do
746 4337 872 4392 Cateclru.
