2858 5296
276 313 311 385 vi
615 335 775 386 sacroru
796 338 983 387 situram,

280 509 421 593 minus
454 509 714 594 abhorrente.
785 514 1035 624 Scriptorem
1058 515 1142 625 utiq

278 649 348 733 bic
368 664 625 762 praestamus
644 653 867 751 medicum,
896 665 1105 762 quantum
1133 682 1142 719 ¹

278 793 555 900 notionesque
574 792 738 891 attinet,
755 794 1114 875 recentissimum:
1135 821 1143 874 r

278 928 424 1012 lectori
444 929 712 1013 difficultates
732 943 1025 1042 opponentem,
1054 958 1143 1041 qua:

279 1098 352 1151 cus
383 1070 520 1181 quivis
550 1070 790 1167 hodiernus,
825 1072 948 1153 docta
981 1070 1060 1152 hac
1095 1083 1139 1152 et

279 1234 323 1289 sa
342 1208 480 1290 adhuc
499 1207 645 1318 lingua
664 1209 771 1291 forte
792 1239 904 1307 usuS,
929 1208 1143 1292 obtulisset

278 1348 404 1429 etiam
440 1376 603 1430 summa
631 1349 760 1459 ipsius
789 1378 886 1459 erga
913 1349 1143 1431 medicinas

270 1487 495 1567 commodo
528 1515 643 1568 nunc
674 1515 749 1568 suo
783 1488 963 1597 usuique
994 1487 1143 1568 habere

268 1625 351 1733 qui
371 1626 498 1706 modo
512 1651 692 1734 cumque
707 1653 939 1708 sermonem
955 1655 1039 1736 quo
1055 1626 1143 1736 scri]

268 1764 542 1846 mediocriter
561 1761 733 1846 calleat:
764 1793 841 1846 nec
855 1766 1115 1847 versionibus
1134 1792 1143 1830 ¹

267 1900 328 1984 lis
354 1902 541 2012 legendis
569 1905 844 2011 ignominiose
874 1905 1108 2001 damnatus,
1137 1933 1143 2014 j

271 2068 372 2122 rum
392 2042 627 2124 editionum
659 2045 760 2152 (quo
776 2043 881 2124 vitio
900 2045 1060 2154 optima
1080 2043 1143 2125 alir

276 2199 341 2261 vrr
380 2181 672 2289 interpretatio
706 2179 938 2289 Anglicana
975 2181 1143 2289 laboratj

257 2276 365 2416 ibus,
384 2317 736 2429 lexicographum‚
767 2320 989 2402 bominum
1008 2321 1144 2431 generi

266 2468 451 2539 naturae
470 2457 750 2567 physicaeque
770 2459 824 2538 ad
853 2484 989 2540 unum
1018 2460 1144 2569 imper

267 2594 444 2706 ineptiis
463 2595 688 2706 perpetuis,
708 2593 882 2677 luditur.

331 2733 463 2818 Haud
505 2738 577 2818 abs
617 2763 662 2817 re
706 2735 870 2845 scripsit
909 2735 1090 2840 quidam,
1136 2744 1144 2783 ⁴

271 2898 497 2982 quemque·
528 2873 736 2955 medicina
777 2874 952 2983 antiqua
991 2873 1073 2954 rite
1118 2873 1145 2954 i1

273 3009 440 3105 sentire,
469 3009 593 3089 rebus
622 3013 713 3118 ejus
732 3013 931 3093 materiae
951 3012 1136 3093 medicae

163 3123 168 3134 ⁵
274 3146 566 3257 expurgandis
621 3160 665 3226 et
713 3147 933 3256 superfluis
981 3145 1145 3229 liberan

271 3285 390 3394 signe
423 3311 499 3366 nos
526 3284 724 3365 materiae
755 3284 940 3366 medicae
960 3283 1146 3366 hodiernz

263 3421 416 3504 <ficium
455 3419 702 3516 collaturos3
733 3432 882 3532 utpote
911 3423 984 3530 qui
1023 3425 1146 3504 obser

267 3559 428 3642 multas
448 3559 700 3657 utilissimas,
720 3561 794 3641 sed
813 3588 921 3669 quae
941 3561 1072 3642 fracta
1090 3561 1147 3641 bo

265 3702 466 3810 'jactaque
503 3701 701 3796 membra,
745 3727 823 3780 nec
864 3697 1147 3807 intelligendas

264 3850 457 3935 manent
484 3838 563 3917 arti
597 3850 640 3918 et
659 3837 754 3918 usui
785 3836 934 3918 clinico
959 3838 1148 3919 restituor

272 3970 403 4057 Hunc
422 3976 569 4071 Ceam,
591 4001 642 4056 ex
661 3975 833 4057 medicis
853 3973 1053 4057 formulas
1072 3973 1148 4055 hal

273 4113 564 4223 antiquisnon
584 4124 752 4195 tantum
779 4114 963 4195 maxime
992 4112 1149 4195 curanti

402 4345 414 4371 ⁸
427 4336 531 4390 Diluno
543 4337 648 4390 Modica
661 4336 870 4409 Clrirurgicaque
881 4336 962 4389 Eum.
976 4334 1024 4389 cal.
1036 4334 1089 4389 Jul.
1105 4339 1150 4388 lsi
