2858 5296
367 365 392 441 6
734 393 769 447 ι.
787 390 1022 451 commun

367 575 453 643 ret:
479 553 1127 664 seninlethn‘e'seqmerendun.
1152 587 1168 645 ι

368 678 563 776 coquitur,
590 702 634 759 ee
650 702 736 759 vero
752 678 938 766 sumendo,
965 703 1059 777 quse
1074 677 1168 753 maxi

367 791 664 890 qunianenmn
679 805 775 867 sunt
826 790 1037 891 Eademque
1062 792 1168 871 ratior

368 904 459 983 ritus
475 905 595 1002 veris
612 916 677 989 est,
693 928 779 980 cum
795 928 942 985 somnus
964 915 1029 985 out
1043 901 1166 1001 vigilis

369 1016 509 1100 mederi
518 1038 623 1115 posse
632 1016 862 1104 arbitrantur,
880 1017 943 1114 qui
960 1018 1060 1114 prius
1075 1014 1136 1095 ills
1151 1015 1168 1112 ij

367 1131 549 1216 eveniant.
568 1130 780 1227 perceperit
832 1128 979 1209 Praeter
995 1128 1096 1215 haec,
1109 1151 1168 1207 cur

368 1242 468 1323 ribus
484 1243 645 1340 portibus
662 1255 700 1319 et
714 1240 857 1319 dolores
881 1253 920 1321 et
941 1241 1168 1319 morborum

368 1367 573 1441 nascantur,
592 1352 1169 1453 neminemputentlrisedhibere

207 1465 439 1597 stuprandi&
458 1467 522 1573 qui
537 1468 631 1566 ipsos
647 1469 800 1565 ignoret.
852 1466 1107 1545 Necessarium
1124 1488 1169 1591 eq

209 1628 266 1662 ιιιιι
277 1550 344 1664 isu-
369 1579 455 1659 dere
479 1604 632 1679 corporo
653 1594 890 1667 mortuorum,
919 1595 1169 1678 eorumquen

209 1689 255 1729 ‘¹²
367 1692 537 1774 intestina
550 1693 724 1782 scrutari,
743 1693 924 1822 longeque
937 1694 1073 1791 optime
1086 1690 1169 1767 fecis

367 1801 444 1885 lum
461 1818 501 1883 et
517 1805 781 1894 nonnarum,
809 1809 872 1905 qui
897 1819 1071 1887 nocentes
1088 1806 1170 1885 honr

367 1917 436 1997 bur
447 1938 496 1995 ex
508 1942 654 1997 errrore
669 1931 852 2017 receptos,
871 1920 971 1997 vivos
984 1917 1170 2000 inciderint

366 2033 523 2130 rintque,
542 2034 739 2111 etiamnum
760 2034 887 2131 spiritu
911 2046 1131 2117 remanente,
1157 2054 1170 2109 r

366 2155 448 2220 toro
476 2157 561 2221 ante
587 2145 783 2231 clausisset,
814 2169 1014 2242 eorumque
1042 2145 1171 2243 positus

366 2255 531 2355 ligurum.
556 2256 855 2356 magnitudinem,
889 2256 1064 2344 ordinem,
1091 2255 1171 2335 duri

367 2371 466 2467 tiem,
484 2367 673 2455 laevorem,
687 2381 923 2459 contactum
943 2393 1130 2468 processus
1143 2367 1172 2447 d

367 2483 485 2567 lorum
502 2496 542 2561 et
557 2506 729 2572 recessus,
755 2497 795 2560 et
810 2485 885 2560 sive
903 2483 993 2582 quid
1015 2483 1172 2562 inseritur

367 2597 458 2697 quid
474 2609 612 2697 portem
631 2599 776 2672 alterius
791 2598 830 2671 in
844 2621 883 2671 se
896 2597 1034 2694 recipit
1071 2594 1173 2692 Nequ

368 2710 474 2786 dolor
489 2713 588 2787 intus
605 2711 743 2799 incidit,
764 2712 856 2786 scire
873 2709 964 2808 quid
981 2706 1113 2794 doleat,
1132 2731 1174 2787 eu

370 2841 473 2920 parte
489 2824 663 2922 quodque
685 2827 804 2899 viscus
829 2823 1086 2899 intestinumve
1104 2821 1161 2906 sit,

368 2935 483 3008 verit:
510 2959 630 3032 neque
648 2938 767 3011 curari
784 2936 833 3023 id,
861 2933 962 3033 quod
987 2957 1135 3031 aegrum
1152 2955 1175 3009 e

368 3067 425 3130 eo,
444 3044 517 3141 qui,
536 3047 624 3142 quid
640 3049 698 3132 sit,
717 3049 869 3144 ignoret.
913 3046 1063 3121 Etcum
1082 3069 1176 3144 perr

361 3156 424 3256 jus
441 3159 579 3231 viscera
595 3157 776 3256 patefacta
792 3171 887 3245 sunt,
911 3183 1007 3245 eum,
1034 3160 1097 3257 qui
1114 3181 1176 3237 san

367 3269 526 3344 colorem
544 3271 654 3367 partis
671 3271 824 3369 ignoret,
850 3272 989 3347 nescire
1006 3270 1094 3370 quid
1110 3273 1177 3347 intr

367 3394 579 3480 corruptum
596 3386 667 3472 sit3
695 3384 745 3456 ita
762 3406 808 3456 ns
822 3406 1032 3458 succurrere
1049 3383 1178 3482 quiden

367 3496 494 3594 mptis.
564 3493 772 3594 Aptiusque
805 3497 1030 3573 extrinsecus
1070 3497 1179 3595 impor

366 3608 560 3708 compertis
575 3608 786 3682 interiorum
804 3620 842 3683 et
858 3607 1001 3683 sedibus
1026 3621 1064 3683 et
1089 3608 1180 3706 ligur

369 3745 442 3819 que
469 3743 595 3795 eorum
620 3721 897 3818 magnitudine:
925 3721 1129 3819 similesque
1159 3744 1181 3795 ο

365 3833 484 3930 posito
499 3845 613 3920 sunt·
628 3833 783 3906 rationes
800 3832 943 3907 habere.
996 3832 1129 3930 Neque
1153 3857 1182 3911 er

365 3945 461 4019 sicut
476 3943 641 4043 plerique
665 3959 884 4044 proponunt,
912 3945 1097 4020 hominum
1124 3969 1183 4020 ιιοι

367 4054 497 4129 horum
508 4078 863 4155 qnoquepancorum
880 4057 1076 4155 suppliciis,
1094 4080 1184 4131 reme

304 4234 313 4263 ,
368 4167 623 4243 innocentibus
639 4167 842 4251 seculorum
860 4171 1022 4243 omnium
1040 4170 1175 4271 quaeri.

402 4357 416 4390 ⁸
428 4352 546 4422 Scilicet,
560 4352 693 4422 Colorem,
703 4353 823 4429 figonm,
833 4354 1048 4429 magnitudinem,
1061 4353 1187 4420 ordinem,

369 4436 535 4505 morial
550 4440 598 4504 143
615 4436 1187 4511 “n⁸·nimnum“qmnsnnmnehu
