2858 5296
161 35 244 343 ΙΙ
293 35 304 337 Ι
338 334 342 339 ι
454 320 463 333 r

474 684 694 737 nenrcmae
711 687 787 739 nra.
807 689 862 738 111.
1117 680 1185 751 131

119 854 211 933 utile
227 866 498 947 emmam,
522 858 594 937 sed
619 885 731 962 quam
751 852 1022 943 'anonumum
1075 870 1186 949 Com.

126 968 284 1047 modum
296 968 485 1060 eniam,
504 970 583 1049 lino
604 974 771 1075 quotidie
788 986 956 1053 sennem
982 982 1112 1071 metiri,
1129 1000 1179 1075 et,
1328 1056 1336 1071 ,

134 1106 207 1181 quis
221 1082 491 1185 mmdit
503 1086 645 1178 alvum,
672 1102 798 1166 notam
821 1092 1037 1190 imponere3
1063 1113 1184 1197 poste.

142 1218 253 1297 roque
263 1194 466 1291 &ittae
483 1198 631 1302 plenius
647 1226 781 1303 corpus
797 1206 856 1293 sit,
874 1228 923 1279 an
932 1216 1178 1289 extenuetur:

144 1306 290 1401 iduh.
309 1312 410 1415 quud
424 1326 662 1406 extenuatur,
685 1316 907 1393 medicinam
931 1319 1054 1397 sentit
1104 1322 1180 1401 Ne·

149 1446 210 1522 qus
220 1422 365 1509 thum
379 1438 451 1515 est,
467 1430 592 1507 metiri
606 1442 647 1506 et
661 1431 849 1531 potionem
858 1430 939 1532 ejus
952 1446 993 1508 et
1005 1434 1149 1511 urinam
1164 1463 1175 1513 ε

149 1538 344 1641 mipdu
358 1538 529 1619 humoris
537 1544 768 1634 ‘excemitun
780 1570 891 1645 quam
900 1548 1111 1637 assumitur,
1123 1550 1180 1647 ita¹

150 1644 262 1729 dm
274 1654 465 1733 mundae
481 1654 704 1733 valetudinis
714 1680 798 1757 spes
811 1670 878 1735 est.
931 1648 1177 1761 Asclepiades

148 1758 228 1857 'ltu
241 1770 303 1869 qud
316 1792 368 1845 ex
384 1782 567 1871 qrmrtana
581 1772 622 1845 in
639 1768 805 1871 hydropa
822 1770 1020 1861 deciderat,
1045 1798 1086 1853 se
1110 1774 1175 1851 ab·

147 1874 281 1959 M
292 1880 421 1971 tum.
431 1896 472 1959 et
487 1880 658 1960 frictione
674 1908 806 1972 usum3
823 1885 935 1961 tertio
952 1883 1024 1976 die,
1035 1886 1116 1987 jam
1132 1904 1173 1967 et

146 1978 378 2095 tusaque
389 1994 560 2086 liberato,
577 1995 702 2071 cibum
718 2010 759 2072 et
774 1996 902 2071 vinum
920 1996 1077 2089 dedisse,
1095 2026 1172 2079 me.

146 2106 437 2209 Uist-podidit.

179 2214 356 2299 llscm
383 2223 631 2301 communiter
654 2224 703 2300 de
728 2224 831 2300 omni
856 2224 979 2323 specie
1004 2228 1300 2333 praecipimpym.

142 2342 259 2425 mr
282 2336 580 2421 darebementius
596 2338 735 2414 nidum
751 2350 818 2426 est,
837 2336 1050 2415 diducenda
1072 2334 1265 2419 ratiop‘m‘*

141 2446 261 2525 Μ
274 2462 344 2529 est.
382 2450 500 2548 ,Ergo
516 2452 548 2527 si
562 2450 715 2540 inflatio,
732 2465 773 2527 et
788 2475 837 2525 ex
853 2474 899 2527 ea
916 2449 1021 2529 dolor
1036 2454 1167 2531 creber

139 2568 182 2647 Ul,
204 2560 297 2647 uttl'n
320 2564 572 2665 quotidianus,
597 2577 664 2641 aut
685 2562 800 2641 altero
824 2588 973 2665 quoque
995 2565 1057 2642 die
1081 2582 1167 2668 post

137 2668 237 2767 dum,
252 2680 421 2757 vomitum
436 2694 516 2755 est:
541 2675 716 2753 fomentis
728 2678 833 2753 siccis
843 2675 1044 2779 calidisque
1060 2693 1165 2756 uten-

137 2778 198 2865 Μ
211 2802 274 2869 est.
326 2792 367 2869 Si
384 2817 453 2893 per
469 2791 560 2867 haec
578 2790 682 2868 dolor
697 2815 772 2867 non
781 2790 924 2877 finitur,·
937 2794 1164 2868 necessariae

135 2904 280 2981 mnne
294 2902 398 2981 ferro
413 2904 691 2981 cucurbitulae:
719 2906 750 2979 si
774 2928 823 2979 ne
847 2928 914 3001 per
930 2903 996 2977 has
1013 2903 1164 3001 quidem
1330 2958 1333 2967 -

134 3018 324 3095 motum
340 3018 495 3107 tollitur,
513 3018 710 3093 incidenda
728 3018 828 3092 cutis
847 3026 914 3102 cst,
942 3028 981 3090 et
1005 3027 1086 3089 tum
1111 3016 1167 3111 his

133 3128 293 3207 Mum.
341 3130 531 3209 Ultimum
548 3131 726 3207 auxilium
752 3143 820 3217 est,
848 3129 879 3202 si
904 3127 1159 3206 cucurbitulae

133 3238 206 3315 nibss
232 3243 457 3343 perfuerunt,
490 3270 557 3344 per
590 3244 715 3319 alvum
749 3239 944 3316 infundere
978 3241 1162 3341 copiosam

132 3372 243 3451 itm
257 3354 421 3447 mittam,
435 3384 589 3459 eamque
599 3360 775 3457 recipere.
829 3353 933 3443 Quin
950 3356 1060 3430 etiam
1072 3382 1160 3455 quo-

131 3464 203 3545 b'fie
216 3482 270 3547 ter
285 3486 461 3573 quaterve
477 3497 571 3573 opus
587 3486 643 3547 est
659 3472 714 3546 uti
741 3456 912 3545 frictione
937 3468 1157 3563 vehementi,

130 3600 196 3659 m
209 3582 289 3663 oleo
302 3600 344 3663 et
358 3585 578 3687 quibusdam
596 3582 893 3661 calefacientibus
907 3608 918 3655 ι
949 3583 1014 3658 sed
1030 3585 1069 3659 iu
1086 3584 1157 3662 hac

128 3686 271 3777 fi'mtioue
286 3723 310 3774 a
324 3712 455 3775 ventre
481 3697 737 3775 abstinendum
762 3708 827 3771 est
880 3696 1156 3795 Imponendum

96 3908 99 3913 Ι
127 3812 347 3893 tuo-ineunt
362 3813 528 3889 crebrius
543 3813 672 3911 sinapi,
699 3809 818 3886 donec
845 3822 970 3885 cutem
996 3810 1154 3904 erodat3

89 3976 91 4029 ;
125 3912 402 4026 fumosque
427 3924 669 4002 candentibus
704 3921 871 4022 pluribus
904 3920 995 3997 locis
1029 3936 1161 3997 venter

89 4034 91 4057 ²
125 4032 372 4115 mbuandus
388 4052 458 4127 est,
476 4051 516 4113 et
531 4035 709 4112 servanda
725 4033 851 4110 ulcera
875 4032 1025 4109 diutius.
1078 4032 1159 4111 Uti·

118 4140 193 4223 liro
204 4150 310 4229 dam
326 4149 430 4227 scilla
446 4162 552 4225 cocta
566 4148 775 4247 delingitur.
829 4145 903 4222 Sed
918 4145 983 4219 diu
999 4144 1158 4246 posthas

113 4258 578 4342 intamnesabssnendum
596 4276 653 4338 est
668 4262 714 4337 ab
731 4260 903 4336 omnibus
919 4260 1140 4337 inflantibus.
1316 4358 1321 4367 .

154 4376 207 4453 At
220 4378 252 4453 si
266 4377 309 4453 id
325 4378 454 4455 vitium
471 4391 537 4465 est,
557 4378 619 4452 cui
636 4373 924 4472 nuncupastis
941 4396 1075 4448 nomen
1086 4387 1152 4463 est,
1162 4396 1202 4445 ns
1213 4395 1322 4442 annu.

104 4514 162 4567 eea
173 4507 308 4594 partes,
327 4516 422 4592 quae
439 4503 594 4579 tument,
613 4489 793 4590 subjicere
810 4485 876 4561 soli
893 4498 1062 4586 oportet3
1089 4478 1198 4561 sed⁰¹b

100 4628 171 4680 uon
194 4607 365 4692 nimium,
391 4629 440 4680 ne
463 4602 680 4679 febriculam
705 4599 901 4676 incendat:
937 4600 967 4672 si
992 4600 1023 4673 is
1049 4597 1156 4703 vehe-

97 4722 254 4797 mentior
270 4732 339 4809 est,
357 4732 472 4818 caput
488 4715 683 4794 velandum
694 4726 772 4793 est:
801 4710 1055 4810 utendumque
1072 4707 1172 4782 fric-v
