2858 5296
321 306 380 380 XVl
583 331 830 382 mssnstTATlo
849 333 899 382 DE
935 333 1041 384 causi
1060 335 1148 386 VITA

330 517 404 579 tem
421 503 629 580 criticorum
648 517 690 580 ut
708 504 882 605 Augusto
899 506 1071 596 tribuant,
1091 533 1149 584 mo

321 630 401 730 jam
418 629 512 704 infra
527 631 706 708 dicendae
721 663 732 724 3
752 634 857 708 nobis
874 658 1022 733 quoque
1038 633 1149 709 idone

378 757 410 831 l.
438 757 710 846 Quinctilianus
736 758 887 834 Celsum
904 763 1039 834 artium
1056 785 1141 835 suos

325 885 535 961 Gallionem
551 899 692 987 patrem
710 912 875 961 exarasse
894 899 1073 978 testatur;
1099 889 1148 986 (iii

324 1023 447 1086 autem
465 1012 512 1087 de
531 1012 784 1087 Romanorum
802 1025 986 1087 oratorum
1003 1015 1141 1089 meritis

324 1139 399 1215 sala
416 1140 577 1216 Corvino
589 1140 693 1239 (Seu.
721 1140 823 1215 Suas.
841 1141 911 1235 iii.)
924 1140 1134 1240 disputabat

325 1265 399 1340 sala
415 1266 464 1340 ad
480 1266 642 1342 medium
657 1265 820 1365 Augusti
837 1269 1082 1367 principatum
1095 1293 1146 1342 ex*

327 1393 453 1480 Quare
470 1395 499 1466 si
517 1392 642 1468 Gallio
659 1392 869 1492 eloquentia
885 1407 970 1470 ante
992 1394 1031 1468 id
1053 1407 1146 1494 temp

326 1531 438 1606 cenet,
471 1518 601 1594 Celsus
627 1533 751 1595 autem
785 1519 888 1594 illum
928 1522 1145 1594 antecessori

324 1644 425 1718 huuc
458 1644 575 1720 solum
603 1644 695 1720 illud
724 1645 905 1745 reliquum
939 1645 986 1720 de
1016 1646 1145 1721 medici

323 1770 447 1869 primis
463 1771 549 1869 ipsis
567 1770 730 1846 Caesaris
760 1775 864 1846 annis
892 1773 1145 1847 contexuisse:

322 1921 432 1971 aurea
447 1907 577 1984 aetate,
597 1923 671 1997 qua
686 1897 864 1997 Virgilius
881 1909 992 1995 atque
1020 1897 1145 1973 Horati

324 2023 407 2099 tatis
424 2024 617 2122 principes,
633 2023 853 2098 scribebant.

374 2148 429 2222 ΙΙ.
454 2148 585 2224 Paucis
601 2161 685 2248 post
702 2149 968 2224 Themisonem
987 2149 1091 2223 annis
1122 2175 1145 2223 s<

322 2270 415 2348 sus.b
466 2273 522 2349 At
548 2274 748 2350 Themison
778 2274 1035 2374 Asclepiadem
1070 2275 1145 2349 aud

323 2414 448 2478 tamen
465 2415 551 2478 ante
569 2403 618 2477 A.
633 2403 683 2478 U.
697 2402 771 2477 663
785 2415 950 2477 mortuus
963 2402 1045 2477 est.d
1096 2402 1142 2475 Li

323 2528 487 2617 Crassus,
506 2530 557 2604 ibi
573 2529 726 2631 perinde
743 2541 786 2604 ut
802 2541 967 2604 mortuus
985 2530 1128 2627 saepius

323 2667 498 2732 cumento
511 2667 576 2732 est.
628 2656 690 2731 Da
704 2654 964 2729 Themisonem
978 2657 1013 2728 ei
1024 2662 1075 2728 50
1087 2679 1145 2728 am

322 2782 403 2868 isse,
415 2796 453 2858 et
463 2782 513 2857 A.
528 2783 576 2858 U.
589 2790 664 2873 713
677 2782 753 2857 fato
766 2782 996 2857 concessisse.
1047 2780 1145 2854 Peri

322 2905 558 3006 praefatione,
598 2921 623 2953 ‘¹
640 2909 842 2982 Themison
859 2931 977 3006 nuper
993 2907 1105 3005 ipse,''
1136 2908 1146 2979 i

322 3055 437 3106 annos
453 3031 702 3122 intercedere3
723 3036 852 3129 (atque
864 3034 927 3105 vix
946 3044 969 3078 “
981 3033 1146 3131 nuped’t

322 3156 407 3231 dem
424 3168 552 3230 auctor
565 3167 640 3231 tam
665 3157 839 3252 castigate
870 3154 1026 3244 locutus,
1057 3156 1103 3229 de
1133 3181 1146 3228 s

291 3358 294 3370 ,
320 3281 523 3381 longinquo
535 3283 567 3378 ;)
584 3294 768 3358 etannum
783 3280 881 3355 urbis
897 3287 983 3367 7a3,
997 3279 1056 3354 vel
1075 3279 1144 3355 dec

320 3411 463 3508 cipatus
495 3409 657 3508 Augusti
685 3421 772 3510 post
794 3407 1000 3482 Antonium
1018 3432 1146 3506 oppres

319 3535 467 3610 tribues.
520 3534 594 3610 Sed
621 3534 784 3633 Augusti
811 3534 1056 3633 principatum
1087 3559 1147 3632 pos

321 3661 467 3737 durasse
481 3687 595 3737 anuos
612 3663 840 3738 notissimum
854 3672 920 3736 est.

372 3790 447 3866 III.
473 3788 611 3877 Celsus,
637 3791 675 3865 in
698 3789 933 3889 praefatione,
955 3786 1141 3860 historiam

320 3917 419 4017 apud
455 3916 715 3994 Themisonem
748 3917 942 4014 abrumpit,
982 3916 1146 4011 quamvis

353 4125 366 4154 ⁸
378 4116 476 4170 Enseu
491 4115 592 4172 Chr-on
607 4121 673 4181 1813
692 4115 813 4170 Hmnoa.
824 4113 887 4168 ibid
905 4112 1026 4167 Vetemo
1038 4109 1146 4184 quadris

317 4212 359 4268 sui
370 4211 541 4278 oblivionem,
552 4212 724 4286 taediumque
735 4210 807 4266 vitae
818 4209 940 4276 afflictu,
951 4208 1021 4263 hanc
1039 4209 1109 4262 famo
1130 4206 1148 4259 fr

316 4310 350 4365 ds
363 4309 437 4365 Oret.
449 4314 489 4367 17.
683 4309 797 4363 meef.
810 4326 835 4381 p.
847 4313 873 4363 3.
1060 4315 1072 4342 ⁰
1088 4303 1148 4357 Psu

350 4406 433 4463 dCic.
447 4408 480 4463 de
493 4407 597 4464 Orati.
613 4410 689 4481 ll‚p.
706 4411 764 4462 16³.
940 4404 1032 4458 ‘Pan
1046 4400 1106 4454 liat
1119 4397 1149 4452 Τι
