2858 5296
344 784 559 839 numerurm
576 788 653 839 nm.
671 790 706 836 r.
994 776 1068 842 225

85 958 169 1033 trita
185 956 297 1034 melle
313 975 422 1037 cocto
434 965 669 1064 excipiuntur
683 996 694 1055 3
725 962 870 1051 deinde,
885 965 946 1037 ubi
960 980 1065 1040 rrten-

85 1083 182 1159 rest,
201 1070 255 1161 id,
282 1074 384 1172 quod
400 1075 611 1176 Aegyptiae
628 1076 754 1152 fahae⁸
772 1076 1064 1174 magnitudinem

85 1183 166 1273 leet,
186 1186 226 1259 iu
244 1188 393 1285 potione
410 1190 485 1263 vini
504 1190 667 1267 diluitur.

85 1356 89 1372 .
126 1298 412 1375 Nobilissimum
446 1316 570 1378 autem
606 1316 662 1378 est
696 1300 937 1387 Mithridatis,
965 1302 1064 1398 quod
1073 1328 1177 1377 arnna.

85 1412 169 1489 tidie
184 1413 368 1489 sumendo
385 1439 450 1489 rex
468 1417 530 1490 ille
558 1416 694 1491 dicitur
712 1416 889 1489 adversus
906 1438 1065 1489 veneno-
1072 1398 1145 1446 ‘³⁸⁶³'

85 1527 265 1624 ipericula
278 1538 399 1601 tutum
414 1553 549 1627 corpus
562 1554 668 1603 suum
683 1528 908 1603 reddidisse:
936 1528 974 1600 in
990 1553 1065 1626 quo

85 1650 227 1715 amnt:
252 1642 345 1714 costi
362 1666 399 1740 p.
419 1673 465 1728 χ.
484 1650 534 1716 z.¹¹
554 1680 605 1717 =.
623 1644 722 1717 acori
738 1668 774 1741 p.
791 1671 835 1727 >a
857 1665 892 1714 v.
916 1640 1064 1740 hyperi-

85 1754 225 1849 prmmi,
242 1755 442 1852 sagapeni,‘
459 1758 604 1831 acaciae
622 1758 734 1842 succi,
761 1755 861 1828 iridis
879 1753 1061 1853 Illyricae,

85 1866 237 1952 amomi,
256 1865 483 1964 singulorum
501 1892 537 1966 p.
557 1899 602 1954 χ.
621 1894 663 1943 11.
681 1869 771 1942 anisi
788 1892 824 1966 p.
841 1897 884 1954 χ.
903 1893 960 1942 111.
978 1892 1059 1941 nar·

85 1968 223 2065 lutici,⁴¹
237 1981 446 2077 gentianae‘
461 1981 603 2068 radicis,
623 1982 806 2055 aridomm
824 2005 926 2053 rosae
950 1978 1057 2055 folio-

85 2146 100 2177 ,
120 2090 352 2191 singulorum
377 2118 415 2191 p.
434 2125 478 2182 χ.
503 2119 554 2168 rv.
572 2096 765 2194 papaveris
788 2094 969 2178 lacrimae,
993 2119 1057 2193 pe-

85 2203 183 2291 eliui,
207 2206 434 2306 singulorum
459 2233 496 2306 p.
517 2238 562 2295 )(.
581 2233 634 2282 1v.
655 2244 708 2282 =.
727 2209 855 2292 casiae,
884 2206 968 2293 silis,
995 2232 1060 2306 po·

90 2316 223 2417 piperis
240 2318 356 2419 longi,
385 2320 611 2419 singulorum
637 2345 674 2418 p.
694 2351 740 2406 >a
762 2345 814 2393 vr.
845 2321 998 2418 styracis
1022 2346 1060 2420 p.

85 2452 114 2505 r.
132 2466 185 2504 =.
210 2434 377 2520 castorei,
405 2432 532 2520 thuris,
561 2432 799 2533 hypocistidis
824 2433 936 2519 succi,
964 2458 1061 2534 myr-

85 2567 105 2631 t,
132 2547 365 2645 opopanacis,
394 2546 619 2644 singulorum
644 2570 681 2644 p.
702 2576 747 2632 χ.
764 2570 816 2619 vr.
843 2546 1061 2621 malobathri

94 2678 129 2755 p.
153 2686 200 2742 χ.
221 2681 272 2730 vr.
302 2658 401 2732 floris
420 2658 527 2757 junci
552 2657 711 2744 rotundi,
737 2660 876 2733 resinae
903 2661 1060 2733 terebin-

85 2794 138 2857 ae,
152 2769 317 2869 galbani,
345 2771 453 2845 dauci
481 2772 636 2845 Creticig
653 2773 812 2858 seminis,
831 2773 1058 2869 singulorum
1149 2784 1152 2791 '

85 2914 103 2969 ς.
127 2906 180 2957 vr.
207 2919 260 2955 =.
287 2885 404 2970 nardi,
432 2883 665 2982 opobalsami,
698 2882 925 2981 singulorum
950 2908 987 2980 p.
1013 2919 1058 2972 χ.

85 3032 123 3071 =.
138 2996 316 3095 thlaspis¹1
334 3022 369 3095 p.
390 3026 434 3082 χ.
453 3022 490 3071 v.
514 3034 554 3061 =
577 3034 629 3069 =.
649 2995 781 3069 radicis
809 2994 997 3069 Ponticaei
1022 3019 1058 3093 p.

85 3132 134 3185 ur.
153 3111 269 3195 croci,
289 3110 496 3208 zingiberis,
524 3108 756 3194 cinnamomi,
777 3106 1004 3205 singulomm
1021 3131 1058 3205 p.

85 3244 151 3297 uu.
208 3222 317 3296 Haec
344 3226 500 3298 coutrita
525 3221 634 3296 melle
659 3221 907 3318 excipiuntur,
935 3233 974 3294 et
1000 3220 1062 3294 ad·

85 3358 124 3409 us
134 3360 337 3422 venenum,
353 3336 453 3434 quod
468 3332 759 3431 magnitudinem
775 3333 879 3405 nucis
895 3330 1062 3407 Graecae

85 3444 160 3537 leot,
181 3474 231 3524 ex
248 3451 337 3522 vino
355 3449 484 3523 datur:
512 3451 549 3522 in
574 3447 705 3521 ceteris
722 3457 845 3520 autem
872 3445 1060 3521 affectibus

85 3564 163 3657 ¹turis
188 3587 260 3662 pro
278 3562 389 3636 modo
406 3587 543 3646 eorum,
569 3559 627 3635 vel
654 3558 753 3657 quod
782 3557 990 3659 Aegyptiae
1007 3559 1059 3633 fa·

85 3674 157 3751 ‚vel
174 3674 279 3774 quod
298 3676 376 3748 ervi
393 3674 684 3772 magnitudinem
701 3669 862 3769 impleat,
890 3673 975 3745 satis
992 3684 1056 3746 est.

85 3780 200 3864 [xlv.
241 3797 275 3861 1.
309 3787 441 3885 Acopa
474 3810 621 3884 quoque
657 3783 758 3858 utilia
791 3784 911 3857 nervis
945 3797 1160 3872 suutzncopa.

85 3892 192 3990 leat,
210 3900 314 4001 quod
334 3901 445 3974 habet
471 3900 570 3974 floris
589 3898 695 3997 junci
721 3896 870 3971 rotundi
896 3921 932 3995 p.
953 3926 998 3981 t<-
1017 3921 1058 3970 11.

85 4154 121 4211 dli
129 4160 281 4217 Coboesiae
295 4159 337 4225 L.,
352 4158 471 4212 humidis
483 4158 566 4229 juxta
578 4156 672 4210 b'ilum
684 4153 826 4210 nascentis.
864 4152 960 4207 Drosc.
973 4152 1002 4206 ii.
1014 4156 1055 4208 9⁷.

85 4236 138 4297 We
148 4245 270 4299 Trnoan
282 4245 312 4297 in
324 4244 431 4306 locum;
451 4250 478 4295 ct
491 4252 586 4295 notam
598 4248 716 4295 nostram
728 4239 761 4292 ad
774 4256 801 4309 p.
818 4241 875 4290 159.

85 4318 173 4393 [me
183 4328 272 4382 adhuc
284 4327 384 4381 forulae
398 4325 479 4380 succi.
630 4322 644 4360 ‘¹
658 4322 817 4375 valerianae
830 4318 941 4374 oeltioae
953 4320 987 4374 L·

85 4402 215 4465 utillimae
227 4412 317 4464 luteae
331 4410 360 4463 L.

85 4482 170 4545 Termi
181 4494 311 4557 montani,
323 4492 402 4556 Polli,
417 4494 447 4546 1..
625 4491 638 4528 ἶ
652 4489 832 4543 Athamanas
845 4486 982 4541 Cretensis
995 4486 1026 4538 L.

90 4566 192 4647 'stirmis
203 4579 298 4631 bursae
310 4577 423 4647 pastoris
438 4577 467 4628 L.

87 4650 228 4714 l*kltleureau
243 4661 427 4732 lthaponticae
441 4661 470 4713 L.
509 4659 586 4712 Hauc
598 4676 652 4712 nou
671 4653 836 4709 Rbaburburi
854 4651 975 4707 hodierni
989 4650 1060 4703 radi·

85 4750 153 4804 lare,
170 4743 244 4812 plano
265 4744 441 4798 ostenderunt
463 4744 538 4796 Man.
559 4743 650 4796 Veno.
669 4741 699 4793 in
717 4739 810 4793 Droac.
823 4737 861 4790 iii.
874 4742 899 4790 2.
912 4743 941 4788 et
959 4733 1061 4785 Woon-

85 4822 182 4879 allen.
196 4829 256 4883 Bot.
271 4829 289 4881 i.
306 4833 364 4882 lau.

522 4938 546 4990 Q
