2858 5296
666 171 687 210 Ο

340 351 390 437 64
723 370 759 419 A.
779 364 891 417 CORN·
911 361 1017 418 CELBI

180 574 267 626 vano
277 584 328 625 ns
394 547 487 628 Fero
502 547 615 622 etiarn
631 546 701 620 ista
715 540 912 626 medicim.
923 536 987 612 uiri
999 527 1190 609 necessarii

178 640 262 758 11³3„ss
273 639 462 759 &dnum
478 657 677 735 dividenda
687 667 768 732 est:
792 646 1094 732 satinsoetenim,
1105 643 1190 743 prin

176 775 266 826 Μ*
344 797 509 874 aegrum,
528 770 662 847 deinde
678 789 912 870 perpurgsre,
929 785 1039 863 quarn
1056 754 1189 834 simul<

343 886 427 963 fusa
442 886 593 962 fortasse
609 884 859 985 praecipitare.
910 874 1025 966 Quod
1040 874 1071 947 si
1087 873 1125 948 io
1142 892 1189 968 pu

345 1023 525 1100 aquaque,
540 1021 635 1098 qnae
645 998 742 1071 inter
752 1005 876 1072 cutem
886 1003 953 1078 est,
966 990 1020 1065 ita
1029 981 1189 1086 respond

344 1115 460 1213 magis
476 1135 625 1188 necesse
650 1121 706 1185 est
728 1110 769 1182 in
793 1107 970 1206 sanguine
994 1098 1189 1201 responden

179 1263 259 1315 Unde,
345 1251 434 1302 vero
458 1227 488 1300 is
512 1225 634 1311 debet,
662 1223 693 1297 si
717 1222 829 1297 totius
854 1218 1015 1319 corporis
1037 1209 1189 1291 causati

344 1338 455 1431 chi03
483 1338 513 1410 si
529 1337 640 1436 partis
656 1334 824 1432 alicujus,
843 1358 891 1410 ex
907 1357 951 1408 ea
968 1330 1045 1430 ipsa
1065 1339 1179 1427 parte,

343 1473 454 1550 qnam
470 1449 664 1549 proxima3
691 1451 863 1549 quianon
876 1446 1013 1545 ubique
1026 1443 1122 1519 mitti
1133 1453 1189 1540 pot

341 1562 578 1660 temporibus,
595 1563 634 1636 in
647 1562 815 1649 brachiis,
828 1559 941 1661 juxta
951 1557 1051 1634 talos.
1101 1553 1189 1654 Neq

341 1674 521 1773 quosdam
538 1675 675 1763 dicere,
695 1699 806 1775 quam
822 1672 1034 1772 longissime
1051 1669 1189 1766 sanguir

340 1787 405 1862 ubi
414 1786 537 1877 laedit,
551 1813 630 1864 esse
643 1789 862 1864 mittendum
878 1813 888 1861 ε
909 1787 961 1860 sic
977 1785 1075 1859 enim
1092 1791 1189 1856 avert

340 1925 488 1976 cursum
501 1931 513 1994 ς
532 1914 572 1977 at
587 1903 650 1977 illo
667 1901 780 1976 modo
795 1902 833 1973 in
849 1899 889 1972 id
902 1899 1032 1997 ipsum,
1045 1894 1189 1997 quodgr

340 2015 427 2088 cari.
472 2013 545 2088 Sed
557 2014 596 2089 id
609 2014 741 2090 falsum
756 2026 832 2088 est:
849 2015 1057 2112 proximum
1074 2007 1189 2085 enim]

338 2149 401 2200 mo
419 2124 589 2201 exhaurit
599 2157 611 2218 3
631 2151 678 2201 ex
696 2126 928 2202 ulterioribus
945 2137 1069 2199 autern
1080 2134 1187 2198 eaten

339 2238 517 2336 sequitur,
536 2249 718 2337 quatenus
736 2239 937 2329 emittitur3
964 2236 1030 2310 ubi
1045 2238 1076 2311 is
1093 2259 1189 2333 supp

338 2352 424 2448 qnia
441 2374 516 2425 non
528 2350 694 2439 trahitur,
707 2375 755 2425 ne
768 2350 870 2425 venit
882 2349 1044 2449 quidem.
1096 2347 1190 2422 Vide

339 2487 427 2537 usus
444 2464 522 2562 ipse
540 2462 718 2553 docuisse,
738 2465 768 2540 si
785 2476 896 2563 caput
912 2461 1074 2538 fractum
1090 2474 1156 2548 est,
1174 2482 1190 2534 e

338 2578 460 2675 potius
479 2579 693 2676 sanguinem
711 2602 788 2652 esse
805 2575 1025 2651 mittendum
1040 2605 1051 2667 ;
1079 2576 1110 2648 si
1135 2597 1190 2672 qu

338 2713 440 2764 mero
457 2691 586 2765 vitium
604 2702 670 2779 est,
698 2715 744 2766 ex
771 2690 885 2764 altero
907 2688 1079 2762 brachio:
1106 2685 1190 2761 cred

337 2801 428 2896 quid
446 2826 576 2903 parurn
592 2805 751 2892 cesserit,
771 2804 1048 2902 opportuniores
1065 2824 1129 2874 eae
1154 2824 1191 2898 pr

336 2914 410 2984 riae
428 2926 523 3000 sunt,
543 2916 727 3014 quaejam
739 2916 832 2990 male
843 2916 988 2989 habent.
1041 2911 1188 2987 Avertit

336 3021 522 3095 interdum
548 3029 705 3123 sanguis,
735 3029 798 3100 ubi
823 3027 893 3100 alia
917 3039 1019 3126 parte
1044 3050 1191 3124 prorum

339 3133 539 3205 emittitur:
576 3135 712 3210 desinit
735 3139 833 3209 enim
859 3138 972 3212 fluere
998 3164 1071 3238 qua
1096 3138 1192 3213 nolui

340 3242 493 3343 objectis
511 3271 605 3343 quae
622 3247 849 3345 prohibeant,
869 3249 940 3323 alio
958 3252 1044 3326 dato
1061 3254 1192 3328 itinere

175 3383 308 3443 Quomodo
393 3354 544 3431 Mittere
557 3371 681 3432 autem
693 3360 998 3457 sanguinemcnm
1010 3366 1056 3439 sit
1066 3365 1193 3464 exped

172 3451 323 3501 ⁰⁸¹⁰b¹⁸¹²⁶⁸
339 3492 446 3542 usum
460 3469 627 3561 habenti3
647 3482 770 3545 tamen
782 3473 1193 3570 ignarodifficillimumr

338 3595 377 3657 ta
392 3583 491 3657 enirn
508 3596 565 3658 est
579 3607 674 3658 vena
689 3586 841 3673 arteriis,
859 3587 914 3661 his
940 3593 1066 3664 nervi:
1092 3594 1153 3680 ita,
1182 3618 1194 3666 s

336 3695 529 3794 scalpellus
542 3697 699 3794 attingit,
707 3701 872 3792 sequitur
882 3705 1194 3781 nervorumdister

335 3804 522 3881 hominem
547 3807 743 3883 crudeliter
768 3815 963 3886 consumit
1033 3816 1088 3890 At
1112 3837 1195 3892 arte]

335 3941 455 4015 neque
472 3920 558 4006 coit,
577 3944 698 4019 neque
716 3927 896 4015 sanescit3
916 3927 1099 4001 interdum
1118 3931 1196 4005 etiat

335 4031 419 4127 guis
442 4030 680 4108 vehementer
704 4051 882 4136 erumpat,
919 4039 1040 4114 efficit.
1093 4042 1195 4142 Ipsiu

334 4165 459 4230 venae,
486 4144 517 4216 si
541 4141 635 4219 forte
660 4151 822 4245 praecisa
847 4163 911 4239 est,
940 4155 1058 4251 capita
1084 4180 1197 4256 comp:

334 4279 453 4353 neque
470 4258 687 4353 sanguinem
704 4262 889 4336 emittunt.
941 4264 996 4339 At
1013 4269 1042 4339 si
1056 4269 1198 4344 timide:

334 4367 550 4454 demittitur,
569 4393 747 4443 summam
773 4387 896 4448 cutem
922 4376 1068 4466 lacerat,
1105 4407 1199 4481 nequ
