<?xml version="1.0" encoding="UTF-8"?>
<!DOCTYPE html PUBLIC "-//W3C//DTD XHTML 1.0 Transitional//EN"
    "http://www.w3.org/TR/xhtml1/DTD/xhtml1-transitional.dtd">
<html xmlns="http://www.w3.org/1999/xhtml" xml:lang="en" lang="en">
 <head>
  <title>
</title>
<meta http-equiv="Content-Type" content="text/html;charset=utf-8" />
  <meta name='ocr-system' content='tesseract 3.04.00' />
  <meta name='ocr-capabilities' content='ocr_page ocr_carea ocr_par ocr_line ocrx_word'/>
</head>
<body>
  <div class='ocr_page' id='page_1' title='image "acorncelsimedic00targgoog_0026.png"; bbox 0 0 2858 5296; ppageno 0'>
   <div class='ocr_carea' id='block_1_1' title="bbox 365 328 1167 387">
    <p class='ocr_par' dir='ltr' id='par_1_1' title="bbox 365 328 1167 387">
     <span class='ocr_line' id='line_1_1' title="bbox 365 328 1167 387; baseline -0.01 0"><span class='ocrx_word' id='word_1_1' title='bbox 365 340 415 387; x_wconf 76' lang='lat' dir='ltr'>XX</span> <span class='ocrx_word' id='word_1_2' title='bbox 614 331 859 383; x_wconf 65' lang='lat' dir='ltr'>DIBSERTATIO</span> <span class='ocrx_word' id='word_1_3' title='bbox 878 331 929 380; x_wconf 78' lang='lat' dir='ltr'>DE</span> <span class='ocrx_word' id='word_1_4' title='bbox 946 329 1053 381; x_wconf 72' lang='lat' dir='ltr'>CRLSI</span> <span class='ocrx_word' id='word_1_5' title='bbox 1070 328 1167 379; x_wconf 67' lang='lat' dir='ltr'><strong>VITA«</strong></span> 
     </span>
    </p>
   </div>
   <div class='ocr_carea' id='block_1_2' title="bbox 367 504 1167 3887">
    <p class='ocr_par' dir='ltr' id='par_1_2' title="bbox 367 504 1167 3887">
     <span class='ocr_line' id='line_1_2' title="bbox 367 504 1159 606; baseline -0.006 -24"><span class='ocrx_word' id='word_1_6' title='bbox 367 509 451 582; x_wconf 90' lang='lat' dir='ltr'>dam</span> <span class='ocrx_word' id='word_1_7' title='bbox 468 509 616 606; x_wconf 80' lang='lat' dir='ltr'>negotia</span> <span class='ocrx_word' id='word_1_8' title='bbox 640 506 777 606; x_wconf 84' lang='lat' dir='ltr'>liquida</span> <span class='ocrx_word' id='word_1_9' title='bbox 793 531 880 581; x_wconf 88' lang='lat' dir='ltr'>cum</span> <span class='ocrx_word' id='word_1_10' title='bbox 895 504 969 581; x_wconf 83' lang='lat' dir='ltr'>fide</span> <span class='ocrx_word' id='word_1_11' title='bbox 984 527 1159 605; x_wconf 80' lang='lat' dir='ltr'>peragere</span> 
     </span>
     <span class='ocr_line' id='line_1_3' title="bbox 368 629 1159 731; baseline -0.005 -23"><span class='ocrx_word' id='word_1_12' title='bbox 368 647 501 720; x_wconf 81' lang='lat' dir='ltr'>tamen,</span> <span class='ocrx_word' id='word_1_13' title='bbox 514 633 685 731; x_wconf 89' lang='lat' dir='ltr'>gravibus</span> <span class='ocrx_word' id='word_1_14' title='bbox 694 634 834 720; x_wconf 91' lang='lat' dir='ltr'>amotis,</span> <span class='ocrx_word' id='word_1_15' title='bbox 847 630 975 706; x_wconf 90' lang='lat' dir='ltr'>ludere</span> <span class='ocrx_word' id='word_1_16' title='bbox 984 629 1159 716; x_wconf 78' lang='lat' dir='ltr'>nescius,b</span> 
     </span>
     <span class='ocr_line' id='line_1_4' title="bbox 369 758 1166 858; baseline -0.01 -22"><span class='ocrx_word' id='word_1_17' title='bbox 369 785 413 836; x_wconf 87' lang='lat' dir='ltr'>ac</span> <span class='ocrx_word' id='word_1_18' title='bbox 426 784 512 858; x_wconf 88' lang='lat' dir='ltr'>prae</span> <span class='ocrx_word' id='word_1_19' title='bbox 530 759 700 834; x_wconf 90' lang='lat' dir='ltr'>omnibus</span> <span class='ocrx_word' id='word_1_20' title='bbox 716 758 857 834; x_wconf 86' lang='lat' dir='ltr'>Nasoni</span> <span class='ocrx_word' id='word_1_21' title='bbox 874 758 1127 833; x_wconf 86' lang='lat' dir='ltr'>devotissimus</span> <span class='ocrx_word' id='word_1_22' title='bbox 1138 769 1166 828; x_wconf 71' lang='lat'>:⁸</span> 
     </span>
     <span class='ocr_line' id='line_1_5' title="bbox 369 885 1166 972; baseline -0.005 -10"><span class='ocrx_word' id='word_1_23' title='bbox 369 887 457 962; x_wconf 90' lang='lat' dir='ltr'>raris</span> <span class='ocrx_word' id='word_1_24' title='bbox 474 886 623 961; x_wconf 89' lang='lat' dir='ltr'>demum</span> <span class='ocrx_word' id='word_1_25' title='bbox 641 886 831 972; x_wconf 77' lang='lat' dir='ltr'>moribus,⁶</span> <span class='ocrx_word' id='word_1_26' title='bbox 849 905 892 960; x_wconf 91' lang='lat' dir='ltr'>ut</span> <span class='ocrx_word' id='word_1_27' title='bbox 908 886 1082 958; x_wconf 89' lang='lat' dir='ltr'>memoria</span> <span class='ocrx_word' id='word_1_28' title='bbox 1097 885 1137 957; x_wconf 92' lang='lat' dir='ltr'>in</span> <span class='ocrx_word' id='word_1_29' title='bbox 1154 907 1166 958; x_wconf 82' lang='lat' dir='ltr'>r</span> 
     </span>
     <span class='ocr_line' id='line_1_6' title="bbox 371 1011 1146 1087; baseline -0.004 -1"><span class='ocrx_word' id='word_1_30' title='bbox 371 1011 422 1086; x_wconf 92' lang='lat' dir='ltr'>dii</span> <span class='ocrx_word' id='word_1_31' title='bbox 439 1011 703 1087; x_wconf 85' lang='lat' dir='ltr'>immortalibus</span> <span class='ocrx_word' id='word_1_32' title='bbox 721 1012 927 1086; x_wconf 86' lang='lat' dir='ltr'>consecrari</span> <span class='ocrx_word' id='word_1_33' title='bbox 943 1012 990 1084; x_wconf 90' lang='lat' dir='ltr'>sit</span> <span class='ocrx_word' id='word_1_34' title='bbox 1006 1011 1146 1084; x_wconf 85' lang='lat' dir='ltr'>merita.</span> 
     </span>
     <span class='ocr_line' id='line_1_7' title="bbox 423 1135 1166 1236; baseline -0.007 -23"><span class='ocrx_word' id='word_1_35' title='bbox 423 1137 496 1213; x_wconf 87' lang='lat' dir='ltr'>Sed</span> <span class='ocrx_word' id='word_1_36' title='bbox 513 1137 603 1236; x_wconf 93' lang='lat' dir='ltr'>quid</span> <span class='ocrx_word' id='word_1_37' title='bbox 620 1138 755 1212; x_wconf 83' lang='lat' dir='ltr'>eximio</span> <span class='ocrx_word' id='word_1_38' title='bbox 772 1149 914 1236; x_wconf 90' lang='lat' dir='ltr'>poetae,</span> <span class='ocrx_word' id='word_1_39' title='bbox 945 1135 1076 1211; x_wconf 85' lang='lat' dir='ltr'>illustri</span> <span class='ocrx_word' id='word_1_40' title='bbox 1102 1159 1166 1232; x_wconf 90' lang='lat' dir='ltr'>equ</span> 
     </span>
     <span class='ocr_line' id='line_1_8' title="bbox 370 1263 1165 1365; baseline -0.005 -24"><span class='ocrx_word' id='word_1_41' title='bbox 370 1265 577 1341; x_wconf 86' lang='lat' dir='ltr'>felicissimo</span> <span class='ocrx_word' id='word_1_42' title='bbox 596 1264 721 1339; x_wconf 88' lang='lat' dir='ltr'>Palatii</span> <span class='ocrx_word' id='word_1_43' title='bbox 740 1266 914 1365; x_wconf 86' lang='lat' dir='ltr'>stipatori,</span> <span class='ocrx_word' id='word_1_44' title='bbox 939 1289 1024 1338; x_wconf 93' lang='lat' dir='ltr'>cum</span> <span class='ocrx_word' id='word_1_45' title='bbox 1042 1263 1165 1338; x_wconf 85' lang='lat' dir='ltr'>medio</span> 
     </span>
     <span class='ocr_line' id='line_1_9' title="bbox 371 1387 1165 1489; baseline -0.005 -25"><span class='ocrx_word' id='word_1_46' title='bbox 371 1390 496 1465; x_wconf 86' lang='lat' dir='ltr'>Multa</span> <span class='ocrx_word' id='word_1_47' title='bbox 520 1403 558 1465; x_wconf 89' lang='lat' dir='ltr'>et</span> <span class='ocrx_word' id='word_1_48' title='bbox 581 1392 780 1489; x_wconf 83' lang='lat' dir='ltr'>pergravia.</span> <span class='ocrx_word' id='word_1_49' title='bbox 834 1390 1018 1489; x_wconf 83' lang='lat' dir='ltr'>Imprimis</span> <span class='ocrx_word' id='word_1_50' title='bbox 1035 1387 1165 1464; x_wconf 89' lang='lat' dir='ltr'>Celsus</span> 
     </span>
     <span class='ocr_line' id='line_1_10' title="bbox 372 1515 1165 1618; baseline -0.005 -27"><span class='ocrx_word' id='word_1_51' title='bbox 372 1519 532 1592; x_wconf 87' lang='lat' dir='ltr'>sarianae</span> <span class='ocrx_word' id='word_1_52' title='bbox 549 1517 685 1605; x_wconf 87' lang='lat' dir='ltr'>favore,</span> <span class='ocrx_word' id='word_1_53' title='bbox 703 1521 852 1618; x_wconf 66' lang='lat' dir='ltr'>poeseos</span> <span class='ocrx_word' id='word_1_54' title='bbox 870 1541 1034 1604; x_wconf 89' lang='lat' dir='ltr'>censura,</span> <span class='ocrx_word' id='word_1_55' title='bbox 1053 1515 1165 1614; x_wconf 87' lang='lat' dir='ltr'>perim</span> 
     </span>
     <span class='ocr_line' id='line_1_11' title="bbox 372 1642 1165 1742; baseline -0.006 -23"><span class='ocrx_word' id='word_1_56' title='bbox 372 1668 441 1719; x_wconf 86' lang='lat' dir='ltr'>uae</span> <span class='ocrx_word' id='word_1_57' title='bbox 452 1654 490 1719; x_wconf 92' lang='lat' dir='ltr'>et</span> <span class='ocrx_word' id='word_1_58' title='bbox 499 1643 753 1742; x_wconf 84' lang='lat' dir='ltr'>agriculturae,</span> <span class='ocrx_word' id='word_1_59' title='bbox 766 1644 842 1718; x_wconf 93' lang='lat' dir='ltr'>imo</span> <span class='ocrx_word' id='word_1_60' title='bbox 853 1642 1165 1740; x_wconf 84' lang='lat' dir='ltr'>doctrinaeomnig</span> 
     </span>
     <span class='ocr_line' id='line_1_12' title="bbox 372 1770 1165 1866; baseline -0.004 -23"><span class='ocrx_word' id='word_1_61' title='bbox 372 1771 503 1857; x_wconf 88' lang='lat' dir='ltr'>clarus,</span> <span class='ocrx_word' id='word_1_62' title='bbox 522 1771 567 1844; x_wconf 92' lang='lat' dir='ltr'>ab</span> <span class='ocrx_word' id='word_1_63' title='bbox 587 1771 755 1845; x_wconf 91' lang='lat' dir='ltr'>omnibus</span> <span class='ocrx_word' id='word_1_64' title='bbox 769 1770 978 1857; x_wconf 86' lang='lat' dir='ltr'>ambitiosis,</span> <span class='ocrx_word' id='word_1_65' title='bbox 994 1773 1083 1866; x_wconf 91' lang='lat' dir='ltr'>(nec</span> <span class='ocrx_word' id='word_1_66' title='bbox 1097 1791 1165 1840; x_wconf 80' lang='lat' dir='ltr'>carr</span> 
     </span>
     <span class='ocr_line' id='line_1_13' title="bbox 372 1891 1164 1990; baseline -0.004 -21"><span class='ocrx_word' id='word_1_67' title='bbox 372 1896 509 1987; x_wconf 79' lang='lat' dir='ltr'>bitione</span> <span class='ocrx_word' id='word_1_68' title='bbox 526 1894 646 1990; x_wconf 86' lang='lat' dir='ltr'>Naso)</span> <span class='ocrx_word' id='word_1_69' title='bbox 663 1893 729 1970; x_wconf 91' lang='lat' dir='ltr'>sed</span> <span class='ocrx_word' id='word_1_70' title='bbox 740 1895 899 1968; x_wconf 84' lang='lat' dir='ltr'>maxime</span> <span class='ocrx_word' id='word_1_71' title='bbox 913 1895 1063 1968; x_wconf 85' lang='lat' dir='ltr'>literatis</span> <span class='ocrx_word' id='word_1_72' title='bbox 1078 1891 1164 1967; x_wconf 84' lang='lat' dir='ltr'>colel</span> 
     </span>
     <span class='ocr_line' id='line_1_14' title="bbox 373 2017 1139 2117; baseline -0.004 -23"><span class='ocrx_word' id='word_1_73' title='bbox 373 2032 572 2094; x_wconf 86' lang='lat' dir='ltr'>extremam</span> <span class='ocrx_word' id='word_1_74' title='bbox 603 2018 729 2094; x_wconf 93' lang='lat' dir='ltr'>Ovidii</span> <span class='ocrx_word' id='word_1_75' title='bbox 757 2017 942 2094; x_wconf 86' lang='lat' dir='ltr'>fortunam</span> <span class='ocrx_word' id='word_1_76' title='bbox 971 2019 1035 2117; x_wconf 90' lang='lat' dir='ltr'>qui</span> <span class='ocrx_word' id='word_1_77' title='bbox 1064 2041 1139 2091; x_wconf 91' lang='lat' dir='ltr'>non</span> 
     </span>
     <span class='ocr_line' id='line_1_15' title="bbox 374 2141 1164 2244; baseline -0.004 -27"><span class='ocrx_word' id='word_1_78' title='bbox 374 2146 444 2218; x_wconf 88' lang='lat' dir='ltr'>iras</span> <span class='ocrx_word' id='word_1_79' title='bbox 461 2143 660 2232; x_wconf 84' lang='lat' dir='ltr'>exhorruit,</span> <span class='ocrx_word' id='word_1_80' title='bbox 676 2146 765 2243; x_wconf 93' lang='lat' dir='ltr'>quin</span> <span class='ocrx_word' id='word_1_81' title='bbox 784 2143 911 2219; x_wconf 88' lang='lat' dir='ltr'>ultima</span> <span class='ocrx_word' id='word_1_82' title='bbox 927 2169 1021 2244; x_wconf 90' lang='lat' dir='ltr'>pene</span> <span class='ocrx_word' id='word_1_83' title='bbox 1039 2141 1164 2218; x_wconf 78' lang='lat' dir='ltr'>exulat</span> 
     </span>
     <span class='ocr_line' id='line_1_16' title="bbox 369 2269 1164 2369; baseline -0.003 -26"><span class='ocrx_word' id='word_1_84' title='bbox 369 2269 447 2369; x_wconf 84' lang='lat' dir='ltr'>jam</span> <span class='ocrx_word' id='word_1_85' title='bbox 470 2271 588 2344; x_wconf 88' lang='lat' dir='ltr'>amico</span> <span class='ocrx_word' id='word_1_86' title='bbox 618 2271 735 2344; x_wconf 90' lang='lat' dir='ltr'>officia</span> <span class='ocrx_word' id='word_1_87' title='bbox 763 2283 945 2369; x_wconf 86' lang='lat' dir='ltr'>praestare</span> <span class='ocrx_word' id='word_1_88' title='bbox 973 2294 1081 2343; x_wconf 88' lang='lat' dir='ltr'>ausus</span> <span class='ocrx_word' id='word_1_89' title='bbox 1108 2270 1164 2342; x_wconf 92' lang='lat' dir='ltr'>sit.</span> 
     </span>
     <span class='ocr_line' id='line_1_17' title="bbox 375 2395 1164 2495; baseline -0.001 -26"><span class='ocrx_word' id='word_1_90' title='bbox 375 2395 476 2469; x_wconf 87' lang='lat' dir='ltr'>Naso</span> <span class='ocrx_word' id='word_1_91' title='bbox 492 2396 545 2469; x_wconf 89' lang='lat' dir='ltr'>rei</span> <span class='ocrx_word' id='word_1_92' title='bbox 562 2397 719 2471; x_wconf 83' lang='lat' dir='ltr'>rusticae</span> <span class='ocrx_word' id='word_1_93' title='bbox 737 2421 806 2472; x_wconf 86' lang='lat' dir='ltr'>nec</span> <span class='ocrx_word' id='word_1_94' title='bbox 823 2398 1031 2495; x_wconf 90' lang='lat' dir='ltr'>imperitum</span> <span class='ocrx_word' id='word_1_95' title='bbox 1049 2421 1119 2471; x_wconf 90' lang='lat' dir='ltr'>nec</span> <span class='ocrx_word' id='word_1_96' title='bbox 1145 2397 1164 2468; x_wconf 84' lang='lat' dir='ltr'>ir</span> 
     </span>
     <span class='ocr_line' id='line_1_18' title="bbox 373 2518 1164 2621; baseline 0.003 -27"><span class='ocrx_word' id='word_1_97' title='bbox 373 2518 495 2608; x_wconf 88' lang='lat' dir='ltr'>fuisse,</span> <span class='ocrx_word' id='word_1_98' title='bbox 527 2532 673 2619; x_wconf 85' lang='lat' dir='ltr'>tresque</span> <span class='ocrx_word' id='word_1_99' title='bbox 703 2522 864 2620; x_wconf 82' lang='lat' dir='ltr'>insignes</span> <span class='ocrx_word' id='word_1_100' title='bbox 890 2521 937 2596; x_wconf 92' lang='lat' dir='ltr'>de</span> <span class='ocrx_word' id='word_1_101' title='bbox 965 2548 1008 2597; x_wconf 87' lang='lat' dir='ltr'>ea</span> <span class='ocrx_word' id='word_1_102' title='bbox 1037 2524 1164 2621; x_wconf 73' lang='lat' dir='ltr'>scripte</span> 
     </span>
     <span class='ocr_line' id='line_1_19' title="bbox 373 2645 1152 2745; baseline 0 -25"><span class='ocrx_word' id='word_1_103' title='bbox 373 2671 460 2745; x_wconf 90' lang='lat' dir='ltr'>pere</span> <span class='ocrx_word' id='word_1_104' title='bbox 478 2645 631 2722; x_wconf 86' lang='lat' dir='ltr'>coluisse</span> <span class='ocrx_word' id='word_1_105' title='bbox 660 2659 837 2739; x_wconf 81' lang='lat' dir='ltr'>testatur3</span> <span class='ocrx_word' id='word_1_106' title='bbox 870 2660 908 2722; x_wconf 90' lang='lat' dir='ltr'>et</span> <span class='ocrx_word' id='word_1_107' title='bbox 937 2661 1077 2735; x_wconf 81' lang='lat' dir='ltr'>contra,</span> <span class='ocrx_word' id='word_1_108' title='bbox 1105 2672 1152 2721; x_wconf 86' lang='lat' dir='ltr'>ex</span> 
     </span>
     <span class='ocr_line' id='line_1_20' title="bbox 375 2770 1165 2849; baseline 0 -4"><span class='ocrx_word' id='word_1_109' title='bbox 375 2770 547 2847; x_wconf 91' lang='lat' dir='ltr'>discimus</span> <span class='ocrx_word' id='word_1_110' title='bbox 578 2773 728 2849; x_wconf 89' lang='lat' dir='ltr'>Celsum</span> <span class='ocrx_word' id='word_1_111' title='bbox 755 2787 920 2849; x_wconf 89' lang='lat' dir='ltr'>nostrum</span> <span class='ocrx_word' id='word_1_112' title='bbox 950 2799 1074 2848; x_wconf 92' lang='lat' dir='ltr'>versus</span> <span class='ocrx_word' id='word_1_113' title='bbox 1103 2772 1165 2848; x_wconf 86' lang='lat' dir='ltr'>Vir</span> 
     </span>
     <span class='ocr_line' id='line_1_21' title="bbox 373 2894 1165 3000; baseline 0.008 -34"><span class='ocrx_word' id='word_1_114' title='bbox 373 2894 494 2993; x_wconf 90' lang='lat' dir='ltr'>aliqua</span> <span class='ocrx_word' id='word_1_115' title='bbox 509 2921 664 2973; x_wconf 86' lang='lat' dir='ltr'>censura</span> <span class='ocrx_word' id='word_1_116' title='bbox 679 2902 870 2975; x_wconf 82' lang='lat' dir='ltr'>notavisse.</span> <span class='ocrx_word' id='word_1_117' title='bbox 936 2901 1054 3000; x_wconf 89' lang='lat' dir='ltr'>Atqui</span> <span class='ocrx_word' id='word_1_118' title='bbox 1072 2901 1102 2974; x_wconf 92' lang='lat' dir='ltr'>si</span> <span class='ocrx_word' id='word_1_119' title='bbox 1119 2898 1165 2972; x_wconf 91' lang='lat' dir='ltr'>Vi</span> 
     </span>
     <span class='ocr_line' id='line_1_22' title="bbox 375 3018 1164 3124; baseline 0.01 -32"><span class='ocrx_word' id='word_1_120' title='bbox 375 3043 442 3092; x_wconf 91' lang='lat' dir='ltr'>cur</span> <span class='ocrx_word' id='word_1_121' title='bbox 465 3018 591 3095; x_wconf 91' lang='lat' dir='ltr'>Ovidii</span> <span class='ocrx_word' id='word_1_122' title='bbox 619 3047 766 3119; x_wconf 90' lang='lat' dir='ltr'>quoque</span> <span class='ocrx_word' id='word_1_123' title='bbox 796 3035 1016 3124; x_wconf 81' lang='lat' dir='ltr'>nonaeque</span> <span class='ocrx_word' id='word_1_124' title='bbox 1045 3049 1164 3124; x_wconf 88' lang='lat' dir='ltr'>expen</span> 
     </span>
     <span class='ocr_line' id='line_1_23' title="bbox 374 3147 1165 3251; baseline 0.006 -33"><span class='ocrx_word' id='word_1_125' title='bbox 374 3170 617 3220; x_wconf 82' lang='lat' dir='ltr'>suruuoruu</span> <span class='ocrx_word' id='word_1_126' title='bbox 636 3147 784 3245; x_wconf 90' lang='lat' dir='ltr'>quidem</span> <span class='ocrx_word' id='word_1_127' title='bbox 811 3174 959 3225; x_wconf 90' lang='lat' dir='ltr'>suorum</span> <span class='ocrx_word' id='word_1_128' title='bbox 984 3166 1165 3251; x_wconf 85' lang='lat' dir='ltr'>temporur</span> 
     </span>
     <span class='ocr_line' id='line_1_24' title="bbox 374 3271 1165 3375; baseline 0.006 -31"><span class='ocrx_word' id='word_1_129' title='bbox 374 3279 500 3346; x_wconf 86' lang='lat' dir='ltr'>vetat?</span> <span class='ocrx_word' id='word_1_130' title='bbox 551 3271 628 3345; x_wconf 92' lang='lat' dir='ltr'>Cur</span> <span class='ocrx_word' id='word_1_131' title='bbox 658 3271 806 3346; x_wconf 89' lang='lat' dir='ltr'>demum</span> <span class='ocrx_word' id='word_1_132' title='bbox 835 3299 920 3349; x_wconf 88' lang='lat' dir='ltr'>eum</span> <span class='ocrx_word' id='word_1_133' title='bbox 950 3290 1121 3375; x_wconf 88' lang='lat' dir='ltr'>quartum</span> <span class='ocrx_word' id='word_1_134' title='bbox 1151 3300 1165 3349; x_wconf 88' lang='grc' dir='ltr'>ε</span> 
     </span>
     <span class='ocr_line' id='line_1_25' title="bbox 375 3399 1166 3500; baseline 0.006 -30"><span class='ocrx_word' id='word_1_135' title='bbox 375 3399 652 3496; x_wconf 90' lang='lat' dir='ltr'>quentissimum</span> <span class='ocrx_word' id='word_1_136' title='bbox 680 3401 794 3474; x_wconf 88' lang='lat' dir='ltr'>tribus</span> <span class='ocrx_word' id='word_1_137' title='bbox 823 3402 900 3476; x_wconf 90' lang='lat' dir='ltr'>istis</span> <span class='ocrx_word' id='word_1_138' title='bbox 927 3405 1051 3478; x_wconf 90' lang='lat' dir='ltr'>amicis</span> <span class='ocrx_word' id='word_1_139' title='bbox 1078 3402 1166 3500; x_wconf 75' lang='lat' dir='ltr'>agri&lt;</span> 
     </span>
     <span class='ocr_line' id='line_1_26' title="bbox 373 3523 668 3622; baseline 0.007 -26"><span class='ocrx_word' id='word_1_140' title='bbox 373 3547 448 3597; x_wconf 92' lang='lat' dir='ltr'>non</span> <span class='ocrx_word' id='word_1_141' title='bbox 465 3523 668 3622; x_wconf 80' lang='lat' dir='ltr'>adjecerit?</span> 
     </span>
     <span class='ocr_line' id='line_1_27' title="bbox 399 3648 1166 3754; baseline 0.016 -30"><span class='ocrx_word' id='word_1_142' title='bbox 399 3648 513 3724; x_wconf 91' lang='lat' dir='ltr'>Nunc</span> <span class='ocrx_word' id='word_1_143' title='bbox 526 3675 612 3724; x_wconf 89' lang='lat' dir='ltr'>cum</span> <span class='ocrx_word' id='word_1_144' title='bbox 624 3652 684 3726; x_wconf 90' lang='lat' dir='ltr'>vix</span> <span class='ocrx_word' id='word_1_145' title='bbox 696 3652 812 3728; x_wconf 91' lang='lat' dir='ltr'>ullum</span> <span class='ocrx_word' id='word_1_146' title='bbox 825 3679 956 3729; x_wconf 89' lang='lat' dir='ltr'>nomen</span> <span class='ocrx_word' id='word_1_147' title='bbox 968 3659 1166 3754; x_wconf 82' lang='lat' dir='ltr'>gentilitiur</span> 
     </span>
     <span class='ocr_line' id='line_1_28' title="bbox 374 3773 1167 3887; baseline 0.021 -40"><span class='ocrx_word' id='word_1_148' title='bbox 374 3773 475 3849; x_wconf 86' lang='lat' dir='ltr'>ferax</span> <span class='ocrx_word' id='word_1_149' title='bbox 493 3777 549 3864; x_wconf 90' lang='lat' dir='ltr'>sit,</span> <span class='ocrx_word' id='word_1_150' title='bbox 580 3791 619 3853; x_wconf 91' lang='lat' dir='ltr'>ut</span> <span class='ocrx_word' id='word_1_151' title='bbox 644 3777 719 3854; x_wconf 92' lang='lat' dir='ltr'>duo</span> <span class='ocrx_word' id='word_1_152' title='bbox 744 3780 850 3854; x_wconf 87' lang='lat' dir='ltr'>simul</span> <span class='ocrx_word' id='word_1_153' title='bbox 877 3781 965 3856; x_wconf 88' lang='lat' dir='ltr'>clari</span> <span class='ocrx_word' id='word_1_154' title='bbox 983 3785 1049 3858; x_wconf 90' lang='lat' dir='ltr'>viri</span> <span class='ocrx_word' id='word_1_155' title='bbox 1075 3788 1112 3862; x_wconf 95' lang='lat' dir='ltr'>id</span> <span class='ocrx_word' id='word_1_156' title='bbox 1130 3816 1167 3887; x_wconf 81' lang='lat' dir='ltr'>g&lt;</span> 
     </span>
    </p>
   </div>
   <div class='ocr_carea' id='block_1_3' title="bbox 373 3979 1169 4476">
    <p class='ocr_par' dir='ltr' id='par_1_3' title="bbox 373 3979 1169 4476">
     <span class='ocr_line' id='line_1_29' title="bbox 407 3979 1167 4045; baseline 0.018 -18"><span class='ocrx_word' id='word_1_157' title='bbox 407 3981 456 4027; x_wconf 82' lang='lat' dir='ltr'>⁸v.</span> <span class='ocrx_word' id='word_1_158' title='bbox 473 3979 512 4028; x_wconf 86' lang='grc'>10.</span> <span class='ocrx_word' id='word_1_159' title='bbox 772 3980 822 4033; x_wconf 68' lang='lat' dir='ltr'>bv.</span> <span class='ocrx_word' id='word_1_160' title='bbox 835 3985 859 4033; x_wconf 90' lang='grc'>9.</span> <span class='ocrx_word' id='word_1_161' title='bbox 1118 3999 1167 4045; x_wconf 85' lang='lat' dir='ltr'>cr.</span> 
     </span>
     <span class='ocr_line' id='line_1_30' title="bbox 408 4055 1168 4138; baseline 0.024 -29"><span class='ocrx_word' id='word_1_162' title='bbox 408 4055 460 4111; x_wconf 66' lang='lat' dir='ltr'>dv.</span> <span class='ocrx_word' id='word_1_163' title='bbox 474 4061 499 4110; x_wconf 82' lang='lat'>7.</span> <span class='ocrx_word' id='word_1_164' title='bbox 514 4058 613 4114; x_wconf 85' lang='lat' dir='ltr'>Confer</span> <span class='ocrx_word' id='word_1_165' title='bbox 627 4060 697 4115; x_wconf 84' lang='lat' dir='ltr'>Celsi</span> <span class='ocrx_word' id='word_1_166' title='bbox 710 4062 909 4133; x_wconf 80' lang='lat' dir='ltr'>praefationem,</span> <span class='ocrx_word' id='word_1_167' title='bbox 926 4083 951 4138; x_wconf 92' lang='lat' dir='ltr'>p.</span> <span class='ocrx_word' id='word_1_168' title='bbox 973 4071 1013 4133; x_wconf 88' lang='lat'>10,</span> <span class='ocrx_word' id='word_1_169' title='bbox 1031 4069 1064 4124; x_wconf 87' lang='lat' dir='ltr'>de</span> <span class='ocrx_word' id='word_1_170' title='bbox 1081 4073 1168 4127; x_wconf 82' lang='lat' dir='ltr'>onrdel</span> 
     </span>
     <span class='ocr_line' id='line_1_31' title="bbox 373 4139 1168 4225; baseline 0.024 -35"><span class='ocrx_word' id='word_1_171' title='bbox 373 4155 423 4191; x_wconf 85' lang='lat' dir='ltr'>ne:</span> <span class='ocrx_word' id='word_1_172' title='bbox 437 4139 481 4192; x_wconf 90' lang='lat' dir='ltr'>ubi</span> <span class='ocrx_word' id='word_1_173' title='bbox 494 4141 599 4209; x_wconf 85' lang='lat' dir='ltr'>adnota,</span> <span class='ocrx_word' id='word_1_174' title='bbox 611 4145 687 4197; x_wconf 84' lang='lat' dir='ltr'>Dict.</span> <span class='ocrx_word' id='word_1_175' title='bbox 700 4147 732 4199; x_wconf 82' lang='lat' dir='ltr'>de</span> <span class='ocrx_word' id='word_1_176' title='bbox 755 4148 858 4201; x_wconf 82' lang='lat' dir='ltr'>Scieac.</span> <span class='ocrx_word' id='word_1_177' title='bbox 880 4150 955 4203; x_wconf 77' lang='lat' dir='ltr'>Med</span> <span class='ocrx_word' id='word_1_178' title='bbox 973 4151 1010 4205; x_wconf 89' lang='lat' dir='ltr'>ix.</span> <span class='ocrx_word' id='word_1_179' title='bbox 1029 4171 1054 4225; x_wconf 89' lang='lat' dir='ltr'>p.</span> <span class='ocrx_word' id='word_1_180' title='bbox 1071 4155 1139 4209; x_wconf 84' lang='lat' dir='ltr'>xxii.</span> <span class='ocrx_word' id='word_1_181' title='bbox 1158 4176 1168 4211; x_wconf 83' lang='lat' dir='ltr'>t</span> 
     </span>
     <span class='ocr_line' id='line_1_32' title="bbox 374 4221 1168 4304; baseline 0.025 -31"><span class='ocrx_word' id='word_1_182' title='bbox 374 4221 451 4274; x_wconf 84' lang='lat' dir='ltr'>ficem</span> <span class='ocrx_word' id='word_1_183' title='bbox 472 4223 644 4280; x_wconf 73' lang='lat' dir='ltr'>Cusunurnrr</span> <span class='ocrx_word' id='word_1_184' title='bbox 663 4227 727 4282; x_wconf 80' lang='lat' dir='ltr'><strong>Vll.</strong></span> <span class='ocrx_word' id='word_1_185' title='bbox 745 4230 866 4286; x_wconf 89' lang='lat' dir='ltr'>homines</span> <span class='ocrx_word' id='word_1_186' title='bbox 884 4241 1010 4289; x_wconf 82' lang='lat' dir='ltr'>nocentes</span> <span class='ocrx_word' id='word_1_187' title='bbox 1022 4237 1136 4304; x_wconf 81' lang='lat' dir='ltr'>aconito,</span> <span class='ocrx_word' id='word_1_188' title='bbox 1148 4257 1168 4293; x_wconf 85' lang='lat' dir='ltr'>e:</span> 
     </span>
     <span class='ocr_line' id='line_1_33' title="bbox 374 4302 1169 4392; baseline 0.024 -36"><span class='ocrx_word' id='word_1_189' title='bbox 374 4302 571 4363; x_wconf 79' lang='lat' dir='ltr'>interficiendos</span> <span class='ocrx_word' id='word_1_190' title='bbox 583 4310 735 4367; x_wconf 85' lang='lat' dir='ltr'>tradidisse!</span> <span class='ocrx_word' id='word_1_191' title='bbox 774 4313 846 4381; x_wconf 81' lang='lat' dir='ltr'>Quin</span> <span class='ocrx_word' id='word_1_192' title='bbox 860 4323 888 4370; x_wconf 82' lang='lat' dir='ltr'>et</span> <span class='ocrx_word' id='word_1_193' title='bbox 899 4317 954 4371; x_wconf 82' lang='lat' dir='ltr'>fere</span> <span class='ocrx_word' id='word_1_194' title='bbox 969 4320 1106 4392; x_wconf 82' lang='lat' dir='ltr'>Sprengel‚</span> <span class='ocrx_word' id='word_1_195' title='bbox 1126 4322 1169 4376; x_wconf 73' lang='lat' dir='ltr'>Hi</span> 
     </span>
     <span class='ocr_line' id='line_1_34' title="bbox 404 4388 1169 4476; baseline 0.024 -34"><span class='ocrx_word' id='word_1_196' title='bbox 404 4388 495 4447; x_wconf 72' lang='lat' dir='ltr'>‘ibid</span> <span class='ocrx_word' id='word_1_197' title='bbox 509 4411 533 4446; x_wconf 83' lang='lat' dir='ltr'>v.</span> <span class='ocrx_word' id='word_1_198' title='bbox 545 4395 589 4448; x_wconf 73' lang='lat' dir='ltr'>ta.</span> <span class='ocrx_word' id='word_1_199' title='bbox 843 4396 1032 4468; x_wconf 75' lang='lat' dir='ltr'>sGmecinum,</span> <span class='ocrx_word' id='word_1_200' title='bbox 1045 4402 1169 4476; x_wconf 77' lang='lat' dir='ltr'>Hyginus</span> 
     </span>
    </p>
   </div>
   <div class='ocr_carea' id='block_1_4' title="bbox 0 0 1442 5296">
    <p class='ocr_par' dir='ltr' id='par_1_4' title="bbox 0 0 1442 5296">
     <span class='ocr_line' id='line_1_35' title="bbox 0 0 1442 5296; baseline 0 0"><span class='ocrx_word' id='word_1_201' title='bbox 0 0 1442 5296; x_wconf 95' lang='lat' dir='ltr'> </span> 
     </span>
    </p>
   </div>
  </div>
 </body>
</html>
