2858 5296
462 744 682 797 mnnrcrrss
701 747 776 798 nin.
796 750 836 799 rr.
1136 742 1185 824 89

116 919 255 1009 oleum,
284 922 475 1023 magisque
502 923 532 996 si
558 935 665 998 vetus
689 936 757 1011 est,
778 925 984 1025 junctaque
1008 932 1092 1009 oleo
1115 937 1181 1026 sal,

118 1036 269 1122 nitrum,
284 1034 300 1065 ⁸
316 1035 443 1135 grew
469 1035 587 1135 piper,
616 1036 946 1136 quinquefolium‘
1000 1043 1178 1147 Fereque,

124 1172 215 1246 quae
235 1148 474 1225 vehementer
504 1160 544 1224 et
569 1151 774 1250 reprimunt
798 1169 837 1227 et
862 1150 1086 1251 refrigerant,
1114 1160 1181 1235 du-

127 1275 222 1353 nnt3
238 1286 331 1361 qme
343 1260 585 1350 calefaciunt,
606 1264 780 1361 digerunt
793 1276 831 1339 et
844 1265 1060 1343 emolliunt:
1080 1294 1182 1369 prae-

130 1374 290 1475 cipueque
304 1374 357 1449 ad
375 1373 647 1450 emolliendum
663 1388 786 1476 potest
801 1376 1026 1477 cataplasma
1049 1405 1098 1454 ex
1117 1381 1182 1457 lini

132 1488 173 1561 tel
193 1486 289 1563 foeni
306 1486 456 1563 Graeci
484 1489 634 1563 semine.
688 1488 759 1563 His
784 1502 909 1563 autem
936 1491 1118 1579 omnibus,
1145 1486 1184 1570 e't

63 1604 65 1615 '
132 1600 345 1701 duplicibus,
365 1612 409 1675 et
424 1603 632 1699 permixtis,
653 1604 751 1678 varie
774 1602 910 1677 medici
932 1615 1113 1697 utuntur,
1141 1621 1184 1683 ut

131 1714 336 1815 mgmquid
350 1714 515 1813 quisque
528 1717 749 1814 persuaserit
765 1716 844 1803 sibi,
863 1729 1049 1816 appareat,
1070 1744 1180 1818 quam

132 1829 199 1929 quid
212 1827 409 1904 evidenter
425 1831 661 1929 compererit

163 2109 176 2139 ⁸
189 2103 314 2163 Cabum
322 2106 406 2162 sudu
416 2104 543 2168 natium:
556 2103 627 2176 qnod
639 2121 703 2159 vere
715 2103 908 2176 peractionem
919 2104 978 2175 ejus
990 2107 1135 2164 chemicam
1146 2108 1177 2163 in

144 2183 349 2328 ³⁸²:stss
358 2188 505 2263 descripsit
517 2187 639 2253 Ptmrus,
656 2187 729 2242 baud
746 2185 871 2258 ambigue
889 2185 1086 2246 demonstratur
1097 2191 1176 2252 mi.

176 2352 298 2413 'Pau
317 2356 396 2431 nlgo
416 2355 545 2429 Nigellse
568 2353 677 2421 ativae,
699 2354 745 2408 vel
766 2351 916 2419 melanthii,
939 2354 1042 2411 semina
1063 2357 1175 2414 saion.

152 2434 296 2497 Damas
326 2442 418 2497 Brun.
429 2441 495 2495 ibid

173 2521 183 2552 ‘
196 2524 324 2583 Pstntilla
332 2546 425 2595 mrsu,
436 2526 600 2591 malesanus,
615 2526 690 2590 alba3
708 2531 824 2599 reptans,
835 2539 925 2591 verna,
933 2544 1024 2600 opaco,
1036 2526 1067 2582 L

170 2694 212 2761 *θ
224 2696 261 2753 De
270 2700 395 2754 ommbm
412 2699 620 2761 tmmentomm,
639 2697 875 2774 panificiorumqua
896 2697 999 2763 formis,
1016 2717 1085 2770 quae
1099 2699 1171 2754 notis

150 2775 329 2837 tllmclibrum
338 2783 368 2836 ii.
378 2781 503 2855 exposita
514 2787 585 2845 sumt,
596 2779 664 2833 illud
676 2784 762 2836 notari
773 2792 890 2856 oportet,
899 2789 1003 2837 veteres
1015 2783 1064 2834 sub
1077 2782 1172 2835 eodem

151 2864 234 2934 ajars
247 2869 372 2923 frumeuti
391 2867 509 2931 nomine,
524 2883 602 2938 saepe
619 2865 734 2921 diversas
753 2868 810 2938 ejus
829 2870 929 2922 formas
938 2885 946 2929 ;
964 2871 993 2917 et
1010 2865 1059 2916 sub
1078 2865 1172 2917 eodem

150 2944 220 3003 lune
230 2952 341 3017 nomine,
352 2952 424 3006 lnnc
442 2967 477 3004 ex
494 2948 680 3003 diversissimis
691 2950 833 3004 frumentis
846 2953 1037 3020 comparatam,
1049 2946 1173 2998 intellex-

151 3026 193 3084 Ἰι
220 3034 260 3088 ue
275 3036 322 3101 iar,
337 3036 421 3090 modo
434 3035 598 3088 trumentum
610 3034 752 3105 quoddam,
762 3034 844 3088 modo
855 3032 970 3085 farinam
980 3028 1063 3098 hujus
1074 3027 1173 3099 signifi.

152 3114 218 3170 aba:
230 3126 256 3171 et
264 3119 378 3184 sorbitio,
388 3119 503 3193 ptisana,
513 3117 589 3182 abta,
600 3117 689 3188 siligo,
699 3117 795 3180 simila,
807 3116 965 3188 plerumque
977 3113 1010 3164 ab
1023 3111 1055 3165 iis
1067 3112 1173 3183 quidem

153 3211 201 3264 llm
208 3216 250 3254 Μ
257 3200 285 3254 iu
292 3202 350 3258 loun
359 3221 408 3258 sno
421 3201 561 3257 docuimus
572 3199 701 3264 materiis,
716 3200 788 3253 baud
800 3215 863 3252 raro
874 3204 973 3261 tamen,
984 3213 1001 3248 a
1012 3195 1107 3250 ceteris
1119 3196 1173 3250 l'ru·

154 3280 235 3345 ΜΕ
244 3300 290 3336 m
303 3285 394 3352 tritine,
404 3285 516 3350 hordeo,
533 3285 623 3349 secali,
639 3301 695 3347 zea,
712 3288 798 3354 trago,
811 3282 890 3346 farre,
905 3296 995 3350 oryza,
1012 3279 1098 3352 olyra,
1114 3280 1172 3353 ipsa

152 3360 204 3429 Q
211 3365 301 3437 ΡΜ,
310 3367 432 3425 Queri
443 3368 573 3424 solebant.
610 3366 776 3422 Conficiendi
790 3374 879 3421 tamen
890 3364 959 3420 ratio
971 3382 1055 3437 paene
1066 3383 1172 3443 semper

149 3446 218 3502 oden
233 3460 293 3515 erat,
307 3460 334 3507 et
346 3452 528 3528 diligentiores
539 3451 664 3507 nonnulli
673 3450 826 3524 scriptores,
838 3448 947 3504 nomine
959 3447 1039 3503 etiam
1053 3449 1170 3505 diversam

147 3525 194 3587 Μ
202 3534 307 3609 origines
317 3536 479 3610 distinguere
492 3536 581 3591 conati
593 3542 663 3590 sunt.
701 3536 747 3590 Sic
760 3534 911 3598 Hortarius,
924 3534 979 3588 Sat
991 3534 1020 3587 it
1031 3539 1055 3588 {a
1075 3540 1141 3591 155:

275 3696 343 3758 Quid
354 3702 455 3748 ms?
480 3698 600 3762 Agedum
612 3711 681 3747 sums
692 3697 739 3747 hoc
746 3698 903 3764 ptismmnan
913 3713 1004 3761 oryzae.

164 3846 256 3907 Sffioet
263 3869 299 3906 ne
307 3853 462 3916 Parmam,
470 3870 504 3905 er
515 3850 616 3905 hordeo
626 3850 706 3923 vulgo
713 3857 903 3923 praeparatam,
910 3849 1059 3920 significare
1068 3848 1170 3902 videre-

138 3936 175 3985 11·
202 3934 242 3990 De
253 3936 296 3991 lais
306 3937 402 4002 multa,
419 3953 470 3990 nec
486 3934 644 4005 injucunda,
661 3934 690 3988 in
705 3935 800 3989 Xeniis
813 3934 867 3988 illis
880 3932 1011 3987 Martialis
1029 3949 1097 4003 quae
1111 3933 1170 3986 Cel·

135 4030 180 4069 m
191 4018 329 4086 illustrant,
346 4037 466 4092 quaeque
484 4017 552 4073 calci
573 4017 654 4088 hujus
675 4018 763 4091 operis
779 4017 911 4084 subjicere
926 4014 1100 4079 decrevimus,
1117 4014 1169 4070 leo-

133 4102 287 4157 taressdeant
297 4102 417 4175 benigni.

157 4183 211 4239 Pari
220 4205 323 4259 qnoque
332 4186 446 4251 ratione,
455 4185 559 4258 plantas
568 4183 717 4258 complures
726 4184 877 4256 bestiasque
887 4180 1045 4247 consimiles,
1054 4182 1103 4236 sub
1112 4200 1167 4238 uno

125 4267 253 4342 eademqne
264 4269 384 4335 nomine,
401 4269 459 4324 sive
476 4268 578 4340 species
590 4277 618 4324 et
630 4269 772 4324 varietrnes
783 4268 874 4339 hujus,
892 4267 949 4321 sive
964 4265 1050 4320 affinis
1062 4273 1166 4325 tautum

119 4353 213 4423 ¹ueneris
233 4370 398 4427 generumve
420 4352 530 4416 fuerint,
549 4351 621 4405 haud
641 4352 694 4406 alia
718 4370 798 4424 quam
822 4350 896 4423 vulgi
918 4350 1001 4405 nostri
1025 4351 1167 4404 verborum

115 4440 224 4508 muria,
236 4437 476 4510 comprehendunt.
514 4436 556 4489 lta
567 4436 641 4489 verbi
654 4454 741 4502 causa,
756 4435 975 4507 Quinquefolium
986 4453 1066 4507 supra
1078 4436 1168 4506 plnres

113 4521 278 4589 Potentillae,
297 4521 413 4586 Comari,
432 4529 512 4592 atque
527 4520 650 4576 Cleomes
668 4521 769 4593 species
789 4519 909 4575 includit.
948 4520 1001 4574 Sed
1018 4536 1079 4572 cum
1100 4518 1167 4570 haec

109 4608 219 4662 micus
237 4609 273 4661 ab
292 4605 401 4660 inscitia
418 4604 611 4670 discriminum,
624 4605 789 4679 rationisque
805 4602 944 4658 ordinandi
959 4620 1007 4675 per
1026 4617 1124 4673 genera
1139 4605 1168 4651 et

108 4693 214 4765 medea
226 4691 285 4745 sola
293 4690 329 4744 sit
338 4697 409 4754 nata,
420 4689 549 4762 principe,
562 4695 589 4742 et
601 4689 675 4761 quasi
688 4688 815 4761 primaria
826 4688 909 4759 stirpe
921 4683 1041 4741 contenti
1053 4681 1169 4743 fuimusr

104 4780 200 4834 ceteris
212 4797 293 4831 manu
306 4775 427 4849 parciore
439 4773 576 4829 subnexis.
