2858 5296
307 340 356 416 56
687 370 721 417 a.
741 368 853 418 corus.
872 368 978 417 cuusr

308 544 339 615 si
355 542 503 640 sanguis
520 542 701 618 enaribus
718 541 838 629 fluxit,
856 552 922 617 aut
936 551 1064 617 venter
1079 536 1194 615 resolu

307 653 400 729 illud
424 653 561 730 malurn
578 656 713 732 desiuit
735 679 784 730 ex
809 665 899 731 toto.
948 653 1053 731 Nihil
1076 652 1193 752 pluat

307 768 532 856 surditatem,
558 793 669 869 quarn
694 768 822 843 biliosa
845 766 948 842 alvus
972 779 1103 866 potest.
1155 765 1192 855 Q

307 879 432 956 fistula*
443 882 568 957 urinae
584 883 716 958 minuti
733 881 929 967 usensis,
947 905 1039 980 quos
1055 881 1190 979 papan

306 1008 451 1083 vocant,
475 1021 554 1072 esse
579 1006 790 1095 coeperunt,
816 996 871 1081 iis,
898 993 963 1076 ubi
984 1019 1056 1092 pus
1079 1021 1123 1069 ea
1146 1020 1189 1095 pa

307 1105 426 1197 fluxit,
453 1111 585 1185 sanitas
609 1099 786 1185 redditur.
836 1106 896 1182 Ex
922 1108 1055 1207 quibus
1079 1132 1189 1211 oum}

306 1244 374 1318 per
389 1246 427 1296 se
444 1223 669 1320 proveniant,
688 1221 779 1296 scire
796 1219 893 1307 licet,
910 1222 1006 1295 iuter
1022 1245 1067 1296 ca
1083 1245 1188 1322 quoqr

305 1357 363 1408 ars
379 1335 538 1423 adhibet,
551 1347 716 1410 naturam
734 1333 931 1433 plurimum
942 1357 1057 1432 posse.
1091 1369 1095 1377 ·

258 1501 269 1516 .
355 1447 503 1534 Contra,
514 1449 544 1522 si
554 1446 776 1547 caputfebre
786 1447 988 1522 continenti
1001 1446 1186 1549 doletneq

305 1586 413 1659 quam
425 1561 556 1649 reddit,
571 1563 828 1661 malumatque
841 1558 1064 1636 mortiferum
1076 1574 1153 1655 est;
1181 1589 1185 1636 l

304 1699 376 1772 que
401 1674 440 1749 id
464 1674 667 1774 peniculum
693 1686 749 1749 est
773 1675 921 1773 pueris,¹
954 1700 977 1747 a
1003 1676 1157 1774 septimo

252 1805 259 1818 ·
303 1789 670 1886 quartumdecimum.
722 1788 769 1862 In
785 1786 967 1886 pulmonis
991 1789 1130 1876 morbo,
1149 1788 1181 1863 si

143 1886 197 1919 '¹¹⁰'
214 1888 250 1920 '¹¹'
301 1902 426 1999 primis
444 1903 571 1978 diebus
588 1927 662 1976 non
680 1900 762 1987 fuit,
782 1900 914 1975 deinde
931 1926 954 1973 a
969 1902 1124 2000 septimo
1140 1901 1183 1978 dt

302 2028 341 2089 et
357 2015 453 2091 ultra
470 2016 664 2115 septimum
681 2016 823 2100 mansit,
840 2013 1085 2112 periculosum
1102 2027 1181 2105 est3

303 2153 376 2226 que
394 2130 508 2227 magis
525 2129 668 2213 mixtos,
687 2151 807 2225 neque
833 2128 927 2201 inter
951 2151 990 2201 se
1017 2127 1182 2203 diductos

303 2239 423 2330 habet,
451 2255 553 2317 tanto
578 2241 746 2315 deterius.
801 2239 851 2314 Et
876 2252 997 2314 tamen
1023 2241 1113 2315 nihil
1146 2265 1182 2340 pr

174 2389 189 2420 u
204 2390 245 2422 um
303 2379 413 2452 quam
431 2357 613 2429 sincerum
629 2352 668 2426 id
684 2353 770 2442 edi;
797 2353 872 2426 sive
894 2351 1015 2426 rufum
1041 2366 1107 2441 est,
1134 2356 1181 2431 sir

174 2457 239 2490 ''¹¹¹¹'‘
304 2480 395 2556 tum,
410 2470 485 2544 sive
496 2468 630 2549 album,
645 2466 719 2547 sive
732 2466 968 2562 glutinosum,
982 2468 1056 2541 siue
1069 2466 1180 2566 pallid

294 2605 495 2680 spumans:
523 2581 668 2679 nigrum
686 2591 807 2655 tamen
825 2580 1021 2677 pessimum
1039 2595 1104 2655 est.
1157 2581 1180 2655 Ι·

299 2698 428 2771 morbo
453 2694 655 2796 periculosa
688 2708 783 2779 sunt,
818 2694 934 2779 tussis,
971 2692 1165 2769 destillatio

299 2810 399 2908 quod
411 2809 497 2884 alias
514 2808 668 2883 salutare
686 2807 850 2893 habetur,
878 2818 1179 2882 sternutamentur

299 2923 638 3020 culosissimumque
655 2935 720 3006 est,
739 2923 770 2994 si
787 2921 876 2994 haec
894 2932 1021 2994 secuta
1045 2921 1165 2996 subita

300 3049 365 3110 est.
417 3035 508 3109 Fere
528 3059 614 3108 vero
631 3059 724 3132 quae
741 3036 778 3106 in
797 3033 989 3131 pulmonis,
1009 3033 1136 3107 eadem
1162 3036 1178 3108 ii

302 3147 497 3236 doloribus,
513 3159 551 3221 et
567 3149 709 3221 mitiora
726 3148 838 3243 signa,
856 3159 894 3218 et
910 3148 1091 3245 asperiora
1106 3172 1177 3223 esse

299 3275 394 3337 runt
422 3261 480 3335 Ex
493 3260 660 3360 jocinore
678 3260 707 3331 si
724 3283 792 3356 pus
806 3272 999 3333 cruentum
1013 3260 1101 3347 exit,
1120 3285 1177 3334 mo

296 3387 361 3449 est.
413 3375 468 3451 At
484 3399 530 3449 ex
546 3372 863 3471 suppurationibus
877 3396 941 3445 eae
954 3375 1129 3472 pessimae
1146 3399 1177 3447 sr

295 3489 393 3563 intus
411 3489 579 3574 tendunt,
596 3488 647 3559 sic
664 3497 707 3558 ut
729 3486 944 3559 exteriorem
971 3512 1117 3585 quoque
1143 3513 1176 3562 cr

298 3602 486 3679 colorent:
514 3625 560 3676 ex
581 3601 624 3672 iis
643 3597 786 3683 deinde,
805 3600 951 3695 quaein
970 3603 1176 3674 exterioreu

295 3728 548 3815 prorumpunt,
575 3737 668 3812 quae
694 3714 884 3798 maximae,
919 3738 1085 3812 quaeque
1119 3713 1176 3813 pla

297 3841 392 3902 sunt.
445 3827 558 3915 Quod
583 3829 623 3913 si,
651 3850 697 3898 ne
716 3839 822 3924 rupta
840 3826 989 3924 quidem
1007 3829 1159 3915 vomica,

296 3942 521 4014 extrinsecus
538 3941 679 4024 emisso,
697 3938 806 4013 febris
818 3940 966 4037 quievit,
986 3954 1051 4015 aut
1068 3966 1176 4039 quam

298 4055 400 4138 verit,
422 4067 541 4128 tamen
560 4053 716 4152 repetit3
745 4054 831 4128 item
850 4054 877 4127 si
897 4054 973 4128 sitis
991 4067 1055 4143 est,
1075 4056 1103 4128 si
1122 4056 1176 4130 cit

333 4290 345 4319 ¹
364 4277 597 4351 Hydrorophalum
610 4278 785 4334 recentiorum
800 4279 908 4336 sortasse
919 4280 1033 4352 respicit.
1073 4281 1142 4336 Vide
1155 4299 1176 4351 p

296 4364 425 4434 proxima,
439 4363 456 4416 l.
468 4367 509 4416 21.
