2858 5296
334 710 548 763 nsnrcrnarr
564 714 640 765 mn.
660 717 695 765 v.
971 700 1046 771 215

91 887 179 961 seris
190 910 225 985 p.
248 914 292 973 χ.
304 911 384 963 xvr.
402 885 519 962 thuris
531 887 695 989 fuliginis
708 916 745 991 p.
764 921 809 977 a.
828 918 890 970 xv.
903 918 1042 971 ammo·

111 999 337 1089 tantundem,
369 1002 510 1076 resinae
535 1003 802 1079 terebinthinae
826 1005 984 1104 liquidae
1002 1032 1038 1107 p.

89 1140 142 1189 tr.
157 1115 235 1189 sevi
252 1114 386 1190 taurini
402 1115 633 1202 tantundem,
661 1119 756 1193 aceti
774 1115 937 1193 heminas
952 1132 1038 1209 tres,

89 1228 283 1304 extarium.
334 1227 393 1305 At
415 1229 512 1304 inter
533 1254 588 1319 ea,
607 1256 701 1330 quae
719 1229 838 1307 fracto
855 1232 968 1331 capiti
982 1258 1041 1308 ac·

89 1341 276 1430 nodantur,
295 1340 433 1418 babent
446 1341 595 1441 quidam
607 1344 657 1433 id,
671 1345 772 1444 quod
788 1344 836 1419 ad
852 1357 1040 1421 auctorem

89 1478 166 1531 stim
182 1453 353 1531 refertur.
405 1456 562 1532 Constat
585 1481 633 1532 ex
657 1457 738 1533 his:
767 1457 850 1533 salis
866 1483 903 1558 p.
924 1486 971 1544 >l-
988 1485 1040 1535 rv.

89 1594 155 1645 me
169 1571 266 1645 aeris
288 1571 401 1658 rubri,
428 1571 521 1645 aeris
546 1571 738 1661 combusti,
757 1571 987 1673 singulorum
1003 1597 1040 1672 p.

89 1710 120 1761 r.
133 1686 357 1759 ammoniaci
374 1683 630 1784 thymiamatis,
658 1686 776 1761 thuris
791 1685 967 1786 fuliginis,
985 1710 1041 1760 re·

97 1796 233 1885 aridae,
253 1797 483 1896 singulorum
495 1824 532 1898 p.
551 1828 597 1885 χ.
612 1826 691 1876 xvr.
703 1801 843 1875 resinae
857 1798 1040 1899 Colopho·

89 1934 121 2000 e,
138 1935 258 1999 cerae,
276 1912 354 1985 sevi
370 1910 514 1986 vitulini
531 1915 660 2000 curati,
685 1913 912 2013 singulorum
930 1938 967 2013 p.
990 1943 1037 1999 χ.

89 2024 436 2123 cetisssquicyatbo,
449 2025 519 2099 olei
532 2028 653 2100 minus
666 2027 811 2126 cyatho.
847 2031 1041 2125 Traguriu-

89 2134 216 2213 lirasei
231 2136 429 2237 appellant,
449 2163 543 2236 quae
562 2152 690 2214 curata
705 2152 863 2231 vocant;
891 2163 978 2230 cum
995 2163 1043 2213 ex

92 2262 186 2349 puts
204 2274 329 2325 omnes
355 2250 628 2327 membranulae
655 2252 853 2351 diligenter
877 2262 1044 2327 exemtae

107 2374 171 2438 aut
184 2386 229 2439 ex
244 2363 317 2438 alio
335 2364 616 2440 medicamento.

89 2528 99 2551 .
123 2474 219 2553 Sunt
233 2480 345 2553 etiam
359 2479 539 2576 quaedam
555 2478 751 2578 emplastra
766 2479 902 2555 nobilia
914 2480 962 2554 ad
979 2490 1187 2606 ex-pefflffi

89 2588 232 2682 ndum;
259 2616 355 2690 «luae
371 2592 450 2690 ipsa
467 2617 613 2691 quoque
625 2591 844 2668 {raamias
855 2595 1044 2668 nominan-

95 2703 207 2802 quale
233 2717 299 2791 est,
330 2704 442 2802 quod,
471 2707 556 2803 quia
577 2705 668 2779 lauri
693 2708 825 2782 baccas
851 2707 974 2792 habet,
992 2704 1046 2780 nt

89 2825 134 2891 ῖα
149 2816 368 2915 appellatur.
412 2818 459 2891 ln
474 2844 520 2892 eo
537 2831 603 2904 est,
622 2821 762 2893 resinae
780 2818 1046 2894 terebinthinae

107 2931 263 3061 pnitri,
291 2955 407 3018 cerae,
436 2933 527 3030 picis
554 2931 688 3017 aridae,
716 2933 913 3005 baccorum
941 2929 1044 3018 lauri,

89 3042 215 3119 lorum
248 3068 283 3142 p.
308 3073 354 3129 κ.
372 3069 436 3118 xx.
470 3044 545 3118 olei
578 3043 742 3142 paulum.
796 3042 951 3129 Quoties
985 3056 1048 3118 aut

89 3182 150 3245 tm,
167 3170 233 3232 aut
244 3181 390 3245 nucem,
405 3171 470 3232 aut
483 3156 599 3231 simile
613 3154 751 3254 aliquid
768 3179 937 3252 posuero,
956 3156 1048 3229 scire

89 3272 182 3357 ebit,
201 3285 399 3370 antequam
424 3270 666 3370 expendatur,
694 3271 730 3343 ei
750 3293 929 3342 summam
948 3267 1049 3367 pelli-

89 3410 206 3461 nesse
224 3384 476 3459 demendam·

89 3554 98 3574 .
122 3497 244 3573 Aliud
261 3498 392 3573 eodem
410 3500 570 3584 nomine,
591 3496 690 3596 quod
708 3498 790 3596 puri
808 3521 955 3595 quoque
972 3522 1048 3570 mo-
1059 3511 1101 3558 Ad
1115 3527 1167 3573 rus·

89 3636 110 3687 n
133 3624 201 3687 est
253 3612 338 3686 Sevi
366 3612 520 3698 vitulini,
548 3611 765 3685 ammoniaci
790 3610 1047 3709 thymiamatis,

89 3750 240 3812 cerae,
268 3727 365 3812 nitri,
393 3727 590 3800 baccarum
617 3724 721 3811 lauri,
749 3725 888 3797 resinae
914 3724 1048 3811 aridae,

89 3837 255 3926 tlncbioe,
274 3839 447 3938 pyrethri,
469 3863 575 3937 pares
592 3840 787 3937 portiones.

89 3990 104 4027 t
128 3952 282 4027 Praeter
299 3952 401 4041 haec,
421 3965 478 4026 est
496 3951 732 4025 Philocratis:
753 3948 854 4049 quod
872 3948 982 4022 babet
999 3972 1100 4021 sa-nr
1116 3973 1188 4020 arem.

89 4066 273 4141 nmoniaci
290 4091 327 4164 p.
347 4095 390 4151 κ.
410 4091 477 4140 v11.
502 4063 753 4138 aristolochiae
770 4087 806 4160 p.
832 4089 877 4145 χ.
893 4087 975 4136 vnr.
994 4087 1054 4135 ce-

89 4180 227 4255 resinae
245 4178 523 4264 terebinthinae,
551 4176 715 4275 fuliginis
741 4175 869 4262 thuris,
896 4174 1054 4272 singulo-

92 4314 129 4389 p.
144 4319 192 4375 χ.
211 4315 275 4365 xv.
288 4316 438 4390 spumae
452 4292 594 4389 argenti
611 4315 647 4388 p.
667 4320 712 4376 x.
728 4315 851 4365 xxxrr.
893 4288 1053 4375 Quibus,

89 4428 299 4502 usqueque
325 4417 508 4491 moveant,
534 4403 634 4477 iridis
659 4429 695 4502 p.
721 4433 765 4488 y.
784 4426 835 4475 ιν.
855 4416 894 4476 et
909 4400 1056 4500 galbani

89 4546 104 4599 ζ.
120 4539 175 4590 vr.
194 4516 428 4615 adjiciuntur.

89 4693 134 4749 inc
150 4694 275 4766 sequitur
291 4694 484 4751 medicamenta
501 4713 606 4767 quoquc
624 4693 667 4749 bis
685 4711 740 4747 non
757 4691 808 4746 nisi
821 4689 927 4744 nudatis
939 4708 956 4742 a
967 4693 1059 4741 nostro

89 4784 135 4830 ab
156 4796 224 4832 eme·
263 4779 308 4832 Sic
332 4779 466 4835 mixturae
490 4780 638 4851 anodyuae,
662 4784 686 4831 2.
712 4795 737 4847 p.
765 4782 826 4828 226.
852 4774 930 4837 iufra,
953 4771 1058 4839 modus,

89 4860 246 4935 sjugundia
258 4865 440 4935 (drunptae)
452 4862 681 4936 magnitudinem¹’
697 4876 810 4929 aequare
823 4857 910 4910 debet.
