2858 5296
324 378 416 455 ·100
715 400 750 447 n.
770 391 881 447 cortu.
900 393 1005 449 causi

342 568 452 652 febre,
471 569 516 642 de
534 593 607 669 qua
622 572 789 670 proxime
814 572 955 648 dictum
980 583 1046 659 est,
1074 569 1140 645 sed
1165 573 1205 645 in

342 685 392 756 ita
409 681 624 756 serrandum
642 696 707 757 est.

179 788 336 906 ssfflmsslh'
392 794 440 869 V.
470 795 575 868 Haec
592 798 706 894 magis
736 822 801 896 per
825 799 946 872 omnia
969 821 1105 896 genera
1129 796 1204 871 febr

181 924 270 987 speeies
343 921 455 1005 petua
471 921 579 983 sunt:
606 909 1203 1009 nuncadsingulasearumspecie

179 992 309 1041 ‘'md“
343 1022 439 1095 dam.
484 1022 641 1120 Igitur
615 1046 643 1095 sr
656 1022 766 1096 semel
781 1038 922 1098 tantum
939 1024 1100 1109 accessit,
1119 1021 1202 1097 dein

340 1159 455 1234 eaque
472 1135 531 1209 vel
548 1159 595 1208 ex
611 1136 772 1233 inguine,
792 1136 850 1210 vel
868 1161 914 1210 ex
937 1135 1201 1223 lassitudines

320 1309 322 1313 ,
341 1260 410 1333 stu,
428 1247 542 1321 aliave
559 1247 666 1320 simili
682 1272 722 1321 re
739 1247 820 1336 fuit,
840 1250 902 1335 sic,
930 1261 973 1323 ut
997 1250 1146 1323 interior
1162 1271 1200 1323 nr

342 1374 479 1435 metum
504 1359 643 1449 fecerit,
669 1374 815 1461 postero
840 1361 911 1448 die,
936 1385 1030 1435 cnm
1046 1373 1191 1459 tempus

179 1483 329 1543 Qumdoci·
342 1475 397 1547 nis
413 1475 464 1548 ita
480 1476 631 1562 transiit,
659 1488 700 1549 ut
725 1473 814 1547 nihil
839 1475 1002 1560 moverit,
1030 1474 1133 1547 cibus
1159 1471 1198 1546 dr

178 1551 321 1667 llam
322 1567 442 1662 ’'At
416 1612 445 1660 sr
462 1613 508 1662 ex
526 1589 601 1663 alto
617 1588 715 1662 calor
731 1589 841 1675 venit,
870 1600 906 1661 et
922 1588 1078 1685 gravitas
1095 1584 1152 1660 vel
1178 1609 1197 1660 c

341 1702 635 1800 praecordiorum
653 1714 778 1776 secuta
794 1715 858 1787 est,
887 1724 1005 1798 neque
1025 1712 1185 1797 apparet,

339 1840 408 1913 pus
426 1816 656 1907 confuderit3
684 1816 846 1912 quamvis
870 1838 978 1887 unam
1002 1813 1196 1887 accessioni

339 1930 542 2028 integritas
558 1942 637 2022 est3
667 1942 798 2014 tamen,
827 1929 912 2025 quia
936 1928 1090 2001 tertiana
1113 1927 1195 2000 time

341 2042 607 2138 exspectandus
637 2053 692 2114 est
719 2039 795 2112 dies
824 2041 975 2113 tertius:
1014 2051 1051 2114 et
1080 2038 1142 2113 ubi
1172 2062 1194 2112 a

339 2165 484 2251 tempus
501 2155 696 2252 praeteriit,
728 2153 831 2226 cibus
857 2151 999 2225 dandus
1026 2162 1092 2238 est,
1119 2149 1186 2224 sed

339 2267 424 2364 quia
441 2279 616 2365 quartana
633 2290 777 2363 quoque
795 2266 913 2338 timeri
937 2276 1082 2362 potest:
1110 2276 1148 2337 et
1169 2262 1193 2337 d

337 2379 497 2467 demum,
533 2382 562 2453 si
595 2404 726 2478 corpus
755 2380 938 2475 integrum
969 2390 1034 2463 est,
1064 2402 1109 2450 eo
1128 2401 1192 2450 cru

336 2491 526 2567 utendum.
578 2491 616 2566 Si
634 2517 719 2566 vero
735 2504 891 2589 poster0,
912 2492 1074 2577 tertiove,
1094 2501 1191 2588 autq

335 2620 459 2681 secuta
484 2605 594 2680 febris
624 2618 704 2696 est;
732 2607 822 2679 scire
849 2603 945 2689 licet,
978 2605 1145 2677 morbum
1171 2628 1191 2677 e

334 2723 579 2807 tertianarum,
600 2732 938 2818 quartanarumque,
959 2741 1113 2814 quarum
1130 2729 1190 2790 etr

335 2836 453 2907 cuitus
471 2847 536 2921 est,
556 2851 593 2907 et
609 2833 689 2906 finis
707 2835 857 2931 integer,
886 2848 923 2905 et
940 2830 1134 2903 liberaliter
1152 2856 1189 2928 qi

332 2970 422 3042 pora
438 2960 533 3032 suut,
554 2946 756 3044 expeditior
774 2950 864 3020 ratio
881 2959 958 3020 est:
985 2945 1030 3018 de
1057 2945 1188 3041 quibus

334 3056 464 3128 dicam.
516 3057 629 3131 Nunc
656 3084 742 3131 vero
773 3084 832 3131 eas
862 3058 1062 3155 explicabo,
1093 3083 1187 3155 quae

335 3180 478 3264 urgent.
531 3171 648 3265 Igitur
665 3171 772 3242 tertio
791 3195 935 3266 quoque
962 3171 1021 3244 die
1038 3172 1141 3243 cibus
1157 3195 1187 3244 ar

335 3279 540 3353 rnodissinte
558 3280 686 3354 datur:
714 3294 756 3354 ut
773 3282 863 3354 alter
879 3282 1017 3356 febrem
1032 3286 1182 3370 minuat,

334 3393 402 3467 bus
419 3395 621 3468 subveniat.
673 3394 745 3467 Sed
762 3395 791 3467 is
808 3393 885 3466 dari
903 3395 1023 3481 debet,
1049 3398 1078 3469 si
1104 3409 1186 3494 quot

334 3510 406 3584 bris
423 3521 488 3595 est,
508 3533 601 3605 quae
619 3532 664 3580 ex
682 3524 761 3581 toto
779 3507 929 3595 desinat,
949 3509 1186 3607 simulatque«

332 3639 477 3724 tegrum
506 3623 644 3697 factum
675 3635 757 3696 est:
798 3624 826 3695 si
854 3625 1017 3720 quamvis
1044 3648 1118 3698 non
1145 3649 1186 3697 ac

332 3737 451 3813 febres
468 3750 589 3811 tamen
601 3737 819 3836 junguntur,
848 3755 885 3810 et
910 3736 1072 3834 quotidie
1090 3737 1185 3835 quid<

330 3863 449 3936 scunt,
475 3849 539 3924 sed
566 3851 642 3922 sine
669 3851 876 3946 integritate
903 3862 1024 3922 tamen
1054 3852 1185 3923 remitti

331 3985 463 4059 corpus
481 3963 533 4036 ita
550 3987 587 4035 se
613 3961 733 4048 habet,
754 3974 795 4034 ut
821 3962 934 4060 major
952 3963 1112 4035 remissio
1135 3986 1184 4034 no

329 4090 450 4151 tetur:
478 4079 508 4149 si
535 4076 648 4150 altero
673 4077 731 4150 die
759 4078 913 4174 gravior,
943 4074 1056 4149 altero
1083 4075 1185 4149 levior

329 4203 394 4277 est,
413 4202 496 4289 post
512 4191 725 4288 graviorem.
778 4189 867 4263 Fere
886 4212 971 4262 vero
984 4190 1185 4286 graviorem

329 4329 414 4379 nem
432 4303 545 4377 levior
562 4326 636 4376 nox
654 4304 839 4400 sequitur:
866 4328 938 4399 qno
965 4302 1014 4388 lit,
1043 4315 1084 4375 ut
1100 4327 1185 4400 grav

328 4419 528 4494 cessionem
558 4440 632 4491 nox
660 4443 805 4516 quoque
836 4418 971 4492 tristior
1004 4417 1185 4494 antecedai
