2858 5296
372 288 446 379 irxii
620 322 867 372 orssnnrsrro
886 320 935 370 on
954 320 1060 371 crisi
1078 320 1181 369 vrrs.

571 620 839 698 VETERUM
869 618 1188 696 TESTIMONn

773 823 1026 898 Conuuunin.

423 954 481 1026 Re
508 952 615 1026 Rust.
641 951 676 1022 ii.
708 957 742 1022 Q.
814 947 935 1024 Vocat
966 961 990 994 “
1016 948 1190 1023 Comeliu

371 1105 444 1154 non
463 1077 577 1153 solum
596 1074 873 1174 agricolationis,
891 1074 956 1148 sed
974 1075 1189 1148 universaer

372 1204 519 1280 dentem
537 1203 692 1276 virum.”

419 1332 469 1404 ix.
488 1338 524 1404 2.
542 1327 668 1425 Negat
698 1326 949 1424 “Quicquam
976 1327 1138 1425 praecipi
1154 1350 1190 1424 pr

369 1457 441 1530 tius
459 1478 568 1553 quam
585 1479 608 1526 a
625 1452 733 1527 Celso
744 1451 822 1552 jam
840 1453 979 1527 dictum
998 1453 1081 1526 sit.”

416 1583 465 1654 vi.
484 1587 520 1663 9.
541 1592 564 1624 “
581 1579 758 1666 Quamvis
775 1578 974 1653 doctissimi
991 1580 1059 1652 viri
1076 1576 1192 1677 (Celsi

366 1719 441 1781 tem
459 1707 660 1793 reverebar,
680 1718 801 1779 tamen
819 1707 1017 1781 ambitione
1033 1706 1192 1780 submota

367 1857 552 1909 censerem
570 1856 645 1906 non
662 1834 803 1906 omisi.''

414 1960 462 2032 iii.
483 1968 541 2046 17.
562 1956 724 2035 “Julius
743 1958 893 2032 Atticus
910 1968 947 2031 et
966 1956 1157 2032 Cornelius
1176 1957 1193 2033 (

363 2087 408 2159 tis
434 2097 576 2159 nostrae
609 2082 835 2158 celeberrimi
867 2086 1071 2158 auctores.'’
1147 2084 1195 2157 Su

365 2214 505 2311 scripsit
523 2210 737 2298 Columella,
757 2210 821 2286 sed
840 2211 937 2286 haud
956 2237 1061 2286 secus
1074 2238 1116 2287 ac
1132 2212 1195 2287 Cla

363 2351 568 2437 temporum
597 2336 899 2435 Augustanorum
926 2345 974 2410 941
1002 2362 1115 2411 annos
1132 2337 1196 2412 vid

363 2465 437 2539 suis
465 2462 669 2537 vindicasse
699 2464 829 2560 potuit,
861 2487 931 2537 nec
962 2475 1083 2537 tamen
1108 2488 1194 2537 suae

363 2615 499 2663 annum
517 2588 726 2663 excessisse.
781 2586 853 2661 Sed
879 2588 995 2662 multo
1020 2590 1198 2663 seniorem

363 2719 439 2815 ipse
456 2727 619 2791 testatur.

411 2843 459 2914 iv.
491 2848 526 2913 8.
556 2853 579 2885 ‘⁴
605 2839 734 2914 Celsus
763 2855 802 2914 et
832 2840 992 2929 Atticus,
1024 2865 1116 2940 quos
1144 2842 1183 2914 in

362 2964 518 3036 maxime
536 2974 634 3036 aetas
652 2976 774 3036 nostra
791 2966 990 3062 probavit.”

411 3090 434 3163 i.
455 3095 488 3160 1.
508 3098 533 3131 ‘⁸
551 3086 604 3160 Ut
622 3084 958 3184 Carthaginiensem
986 3090 1187 3189 Magonem

361 3213 417 3286 nis
434 3225 621 3311 parentem
648 3216 805 3285 maxime
830 3237 1070 3307 veneremur;
1098 3241 1202 3288 nam⁴

360 3352 399 3414 et
415 3339 545 3437 viginti
561 3338 806 3411 memorabilia
819 3337 880 3412 illa
897 3341 1081 3414 volumina
1097 3367 1143 3415 ex
1162 3367 1203 3417 set

360 3465 455 3539 sulto
484 3465 522 3536 in
552 3462 725 3538 Latinum
756 3489 958 3540 sermonem
991 3492 1163 3542 conversa
1192 3495 1204 3543 ε

360 3592 536 3663 minorem
555 3603 676 3664 tamen
694 3591 841 3664 laudem
867 3607 1080 3669 meruerunt
1097 3608 1206 3669 nostr<

358 3740 488 3814 porum
524 3716 589 3789 viri
624 3714 815 3789 Cornelius
846 3718 985 3806 Celsus,
1022 3733 1060 3794 et
1091 3720 1207 3796 Julius

359 3841 507 3940 Quippe
526 3840 717 3915 Cornelius
735 3854 851 3916 totum
867 3869 999 3943 corpus
1017 3844 1205 3944 disciplina

356 3964 455 4038 libris
482 3966 695 4065 complexus
721 3973 807 4041 est.”
861 3967 962 4045 Hinc
988 3971 1166 4069 estquod
1192 3999 1209 4045 n

356 4091 501 4164 codices
520 4117 629 4166 mann
648 4091 771 4189 scripti
790 4091 866 4166 fere
887 4095 934 4168 A.
950 4096 1138 4172 Conuenu
1153 4098 1208 4173 Cn

353 4245 410 4292 um
424 4245 537 4296 bruun
547 4244 597 4295 vr.
614 4245 679 4320 pro
693 4221 801 4296 titulo
815 4223 949 4299 babent
965 4251 973 4297 :
988 4238 1025 4298 et
1036 4225 1212 4301 medicina
