2858 5296
349 343 422 412 228
734 359 769 409 u.
789 356 903 409 coau.
921 354 1030 408 cersi

350 564 395 611 eo
411 539 515 623 liunt,
535 537 582 611 ad
599 544 742 611 nostrae
760 531 864 608 fabae
876 530 1181 631 magnitudinem,

352 674 457 723 usum
470 648 720 749 multiplicem.
762 647 861 721 Nam
874 659 912 721 et
922 669 1090 720 somnum
1104 643 1185 719 faci

352 787 390 835 ae
404 774 578 848 assumta,
597 760 653 836 vel
673 784 721 835 ex
737 783 833 859 aqua
848 757 956 834 data:
979 769 1020 832 et
1035 759 1183 832 aurium

350 889 451 962 vant,
466 874 617 974 adjectis
629 874 766 971 exiguo
778 871 890 945 modo
900 881 1002 945 rutae
1014 894 1139 958 succo,
1158 894 1184 944 a

353 989 510 1061 tormina
525 987 756 1085 supprimunt
774 1009 821 1058 ex
840 985 927 1058 vino
952 982 1112 1082 liquata:
1139 997 1181 1058 et

353 1102 489 1175 tionem
507 1099 638 1174 vulvae
655 1103 836 1185 coercent,
861 1098 977 1171 mixta
992 1107 1116 1171 cerato
1133 1120 1181 1171 ex

352 1238 438 1288 curn
454 1211 603 1312 paulum
621 1211 676 1285 his
693 1213 792 1286 croci
810 1235 958 1310 quoque
973 1213 1151 1286 accessit:
1181 1256 1183 1261 ·

352 1323 630 1410 frontiinducta,
642 1325 810 1422 pituitam
816 1326 855 1397 in
865 1321 1182 1400 oculosdecurren·

188 1449 344 1500 nanum·
401 1445 438 1510 5.
467 1436 573 1524 Item,
593 1438 623 1511 si
640 1436 751 1512 vulva
767 1437 894 1511 dolens
919 1461 1087 1511 somnum
1104 1436 1182 1537 prol

352 1550 385 1623 ci
402 1574 439 1648 p.
463 1578 508 1635 )(.
528 1596 626 1624 ==.
657 1552 758 1637 anisi,
789 1549 966 1651 myrrhae,
995 1549 1181 1648 singuloru

351 1664 539 1761 papaveris
555 1663 725 1738 lacrimae
742 1688 778 1762 p.
803 1693 848 1748 χ.
879 1687 936 1737 111.
965 1664 1108 1738 cicutae
1136 1687 1181 1738 ser

352 1798 436 1849 v111.
448 1775 658 1863 miscentur,
671 1777 978 1875 excipiunturque
991 1777 1078 1849 vino
1092 1788 1181 1851 veter

354 1888 472 1987 lupini
489 1890 779 1989 magnitudinem
799 1889 920 1977 habet,
940 1891 977 1962 in
996 1889 1112 1963 tribus
1130 1913 1180 1990 cp

353 2000 515 2076 diluitur.
570 2001 616 2074 Id
633 2015 754 2076 tamen
773 2004 811 2074 in
829 2000 930 2075 febre
947 2001 1151 2100 periculose
1167 2004 1180 2076 i

249 2117 254 2127 '
302 2131 321 2163 r·
401 2112 436 2186 6.
464 2112 528 2185 Ad
545 2113 746 2187 sanandum
759 2113 890 2212 jecur:
918 2115 1052 2213 nitrip.
1070 2144 1168 2201 ><.=.

351 2225 448 2312 rhae,
468 2225 572 2299 nardi
591 2223 738 2310 Gallici,
769 2225 995 2324 singulorum
1012 2253 1048 2326 p.
1073 2258 1118 2313 χ.
1138 2252 1163 2304 1.

350 2339 511 2437 piuntur,
532 2337 726 2438 daturque,
758 2341 857 2438 quod
877 2340 1083 2440 Aegyptiae
1101 2339 1179 2416 faba

352 2450 474 2526 dinem
493 2452 634 2526 habeat.

399 2575 435 2652 7.
464 2565 527 2637 Ad
546 2564 666 2639 lateris
685 2565 829 2638 dolores
846 2565 1046 2640 finiendos:
1071 2569 1178 2666 piper

354 2676 468 2764 chiae,
490 2677 603 2765 nardi,
624 2678 789 2777 myrrhae
808 2704 909 2777 pares
927 2681 1121 2777 portiones.

403 2798 437 2865 8.
466 2791 529 2863 Ad
548 2791 729 2865 thoracis:
758 2791 861 2864 nardi
879 2816 914 2888 p.
939 2822 983 2877 κ.
1002 2818 1027 2866 1.
1046 2793 1173 2879 thuris,

189 2883 249 2915 Μ’
349 2902 519 2998 gulorum
538 2930 573 3001 p.
598 2937 642 2990 χ.
663 2931 718 2980 111.
737 2906 913 3004 myrrhae,
929 2907 1158 2993 cinnamomi,
1176 2967 1177 2978 .

350 3040 384 3111 p.
409 3046 453 3098 κ.
470 3041 519 3089 vr.
540 3020 635 3090 croci
654 3042 690 3114 p.
715 3049 759 3104 χ.
778 3046 860 3093 vrn.
879 3021 1015 3093 resinae
1032 3022 1177 3095 terebiu

351 3128 468 3213 draus,
489 3128 604 3201 mellis
623 3130 788 3203 heminae
807 3147 889 3207 tres.

258 3269 273 3299 ¹¹
300 3253 339 3299 m.
399 3246 434 3317 9.
463 3240 526 3311 Ad
545 3244 682 3328 tussim,
706 3243 946 3317 Athenionis:
973 3247 1177 3346 myrrhae}

225 3426 229 3433 ,
349 3351 518 3447 gulosum
537 3379 573 3451 p.
597 3385 641 3439 χ.
663 3378 686 3426 1.
706 3357 868 3442 castorei,
889 3361 1074 3455 papaveris
1087 3360 1177 3433 lucri

351 3464 467 3536 lorum
486 3489 521 3562 p.
547 3495 591 3550 χ.
611 3489 635 3539 1.
655 3491 747 3562 quae
766 3471 955 3564 separatim
987 3484 1139 3546 contusa
1167 3497 1177 3570 1

347 3591 496 3671 guntur,
514 3589 551 3650 et
569 3577 614 3648 ad
632 3580 919 3675 magnitudinem
939 3581 1043 3656 fabae
1062 3598 1177 3658 nostra

348 3691 485 3784 tapotia
502 3714 618 3774 mane,
638 3691 722 3763 bina
739 3705 850 3765 noctu
870 3694 1071 3768 dormituro
1089 3697 1177 3771 dant

402 3808 460 3873 10.
489 3801 527 3873 Si
544 3804 649 3874 tussis
667 3827 833 3876 somnum
853 3807 1030 3904 prohibet,
1049 3809 1096 3880 ad
1111 3824 1178 3883 utn

347 3911 492 3983 raclidis
510 3911 722 3986 Tarentini:
751 3920 848 3991 croci
867 3944 902 4016 p.
927 3951 970 4004 χ.
991 3966 1039 3994 =.
1059 3924 1178 4020 myrrh

346 4023 457 4120 longi,
478 4027 580 4109 costi,
598 4026 755 4122 galbani,
777 4033 1001 4128 singulorum
1021 4059 1055 4131 p.
1081 4066 1125 4119 u.
1147 4085 1179 4108 =

349 4138 408 4222 mi,
427 4141 593 4225 castorei,
615 4146 803 4238 papaveris
817 4145 995 4231 lacrimae,
1009 4149 1179 4245 singulum

178 4297 218 4345 ,d
231 4300 312 4349 „lom
400 4257 457 4323 ll.
488 4249 598 4336 Quod
617 4255 645 4325 si
664 4258 853 4352 purganda
871 4258 992 4331 ulcera
1010 4261 1045 4330 in
1064 4262 1179 4337 laucil

176 4366 290 4416 surreium.
