2858 5296
337 304 409 375 180
712 325 748 372 s.
768 322 879 373 cona.
899 323 1006 373 causi

334 500 436 575 febre
452 523 562 598 aeger
578 509 643 584 est,
661 512 741 574 tum
759 497 907 572 demum
930 496 978 572 ad
990 522 1048 571 ca
1070 499 1203 573 venien

335 638 428 712 quae
444 614 514 711 ipsi
532 612 659 687 morbo
676 611 812 686 mederi
830 610 957 685 solent
1010 609 1138 709 Atque
1164 611 1202 686 hi

335 750 576 824 quaecuuque
593 728 733 826 species
745 738 813 811 est,
830 726 860 798 si
877 722 1043 798 noudum
1053 726 1162 798 nimis
1178 749 1201 801 o

333 839 461 914 iisdem
495 838 637 913 auxiliis
670 864 763 938 opus
796 850 877 930 est3
922 836 1079 912 multum
1112 839 1198 912 amb

332 953 555 1028 currendum
581 952 718 1052 aliquid
745 966 824 1026 est:
852 953 1056 1049 superiores
1082 953 1198 1026 maxia

331 1069 384 1141 sic
400 1065 662 1166 perfricandae,
694 1077 736 1140 ut
765 1066 932 1163 spiritum
955 1066 1039 1163 ipse,
1059 1066 1197 1139 contin«

331 1181 470 1256 candus
494 1197 551 1257 est
566 1180 688 1268 sudor,
717 1205 791 1253 non
813 1204 878 1278 per
905 1180 1196 1268 exercitationem

331 1293 396 1368 sed
413 1296 521 1369 etiam
538 1295 577 1367 in
594 1316 703 1367 arena
719 1290 849 1377 calida,
868 1290 926 1366 vel
943 1289 1122 1379 laconico,
1147 1292 1195 1367 ve'

330 1405 578 1504 similibusque
603 1406 702 1497 aliis;
731 1407 964 1503 maximeque
990 1405 1098 1479 utiles
1124 1417 1194 1480 nau

330 1519 448 1594 siccae
465 1519 673 1594 sudationes
690 1531 787 1607 sunt,
807 1517 934 1617 quales
949 1543 1058 1617 super
1076 1518 1181 1592 Baias

328 1633 374 1705 tis
391 1631 577 1707 habemus.
629 1632 819 1719 Balneum,
838 1645 950 1730 atque
967 1632 1083 1705 omnis
1096 1631 1192 1707 bum·

167 1757 304 1823 campos„
328 1757 394 1819 est.
445 1745 580 1846 Jejuno
597 1758 697 1821 recte
715 1747 910 1844 catapotia·
927 1743 1071 1830 dantur,
1090 1742 1189 1819 facta

327 1857 395 1931 thii
406 1859 558 1948 duabus,
578 1860 745 1959 myrrhae
764 1860 870 1934 tertia
882 1871 997 1957 parte.
1051 1856 1190 1933 Cibuss

326 1996 373 2045 ex
390 1973 513 2048 media
530 1973 677 2073 quidem
696 1974 860 2060 materia,
880 1971 945 2046 sed
962 1985 1084 2046 tamen
1101 1995 1189 2070 gens

325 2087 398 2159 ris:
426 2089 528 2185 potio
544 2112 618 2161 nou
636 2086 733 2162 ultra
749 2086 871 2160 danda
889 2099 955 2173 est,
976 2110 1084 2185 quam
1101 2099 1146 2159 ut
1169 2110 1188 2159 v

324 2198 464 2289 tineat3
501 2201 710 2298 optimaque
736 2215 801 2286 est,
830 2224 924 2297 quae
952 2200 1092 2272 urinam
1119 2223 1187 2272 mo*

324 2309 364 2382 id
397 2312 516 2410 ipsum
545 2325 668 2388 tamen
695 2313 812 2387 moliri
846 2314 939 2398 cibo,
972 2337 1080 2410 quam
1112 2313 1186 2385 met'

323 2423 452 2499 melius
470 2439 536 2500 est
589 2426 627 2500 Si
643 2440 765 2501 tamen
785 2452 841 2500 res
859 2439 980 2524 coget,
995 2451 1040 2500 ex
1055 2427 1098 2498 iis
1115 2423 1185 2523 aliq

322 2534 360 2608 id
378 2551 573 2635 praestant,
593 2542 662 2614 erit
687 2540 981 2638 decoquendum,
1014 2563 1129 2636 eaque
1154 2563 1184 2611 a«

325 2648 456 2727 danda.
510 2654 697 2728 Videntur
722 2668 847 2728 autem
874 2653 969 2726 hanc
1000 2651 1183 2726 facultates

164 2773 297 2827 numus
324 2763 395 2849 iris,
416 2767 583 2855 nardum,
611 2794 774 2854 crocum,
800 2769 1021 2851 cinnamum,
1045 2790 1183 2838 amomt

323 2878 480 2974 myrrha,
500 2882 713 2968 balsamum,
734 2882 942 2980 galbanum,
961 2877 1182 2965 ladanum,¹’‹

321 3014 487 3086 panaces,
525 2995 808 3081 cardamomum,
846 2995 1018 3078 hebenus,
1048 3017 1181 3089 cupres

320 3125 392 3173 uva
408 3103 568 3189 taminia,
587 3105 733 3196 σταφίδα
758 3109 871 3203 ἀγρίαν
888 3106 1023 3181 Graeci
1050 3106 1180 3177 nomin:

322 3224 465 3298 tonum,
483 3240 584 3289 rosae
601 3217 698 3303 lblia,
718 3243 877 3304 acorum,
905 3243 1046 3292 amarae
1068 3242 1180 3291 nuces

321 3350 470 3423 ganum,
494 3341 629 3427 styrax,
661 3350 816 3416 costum,
842 3331 947 3429 junci
976 3330 1141 3431 quadrati
1172 3359 1179 3403 ι

321 3462 472 3530 semen;
499 3440 601 3515 illum
619 3445 772 3542 κύπειρον,
789 3444 889 3518 huuc
915 3455 1031 3539 σχοῖνον
1058 3446 1179 3519 Graec

321 3576 414 3648 quae
432 3557 573 3652 quoties
590 3580 755 3655 posuer0,
774 3583 847 3631 non
867 3584 958 3656 quae
978 3558 1036 3631 hic
1062 3583 1178 3631 naseu:

319 3692 413 3763 quae
430 3670 526 3744 iuter
542 3685 702 3746 aromata
725 3673 934 3759 afferuntur,
963 3671 1177 3771 significabo.

317 3790 450 3868 tamen,
471 3810 563 3881 quae
581 3785 759 3860 levissima
776 3813 821 3860 ex
841 3786 894 3859 bis
913 3799 1008 3872 sunt,
1021 3786 1135 3871 idest,
1152 3811 1177 3857 rr

317 3893 374 3964 vel
409 3896 512 3970 niardi
546 3899 656 3996 spica,
693 3901 867 3975 tentanda
900 3912 998 3972 snut.
1048 3898 1177 3971 Vinum

357 4097 397 4127 ¹“
410 4091 451 4145 Ea
463 4111 539 4163 quae,
551 4095 649 4168 digitis,
660 4099 700 4151 ori
714 4108 739 4153 ct
753 4100 871 4169 saucibus
883 4099 996 4161 admota,
1014 4096 1127 4167 integra,
1143 4103 1170 4150 et

315 4182 406 4246 parata
417 4194 433 4228 a
445 4177 548 4233 medico
560 4190 631 4246 sunt,
643 4182 671 4234 iu
684 4184 850 4237 stomachum
859 4184 1092 4236 transmittuntur:
1111 4181 1137 4233 id
1147 4199 1176 4234 en

316 4260 425 4313 (ir-nmis
437 4261 503 4314 est.”
541 4263 614 4319 mia
629 4266 715 4319 Vsao.
727 4269 760 4320 ad
774 4269 864 4322 Drosc,
877 4269 894 4320 i.
906 4274 950 4321 86.

386 4344 475 4398 (istus
488 4347 602 4402 creticus
615 4349 645 4403 1„
685 4352 762 4405 Pus.
775 4352 824 4405 xii.
838 4357 883 4415 173
903 4352 976 4405 xxii.
989 4356 1015 4403 8.

382 4426 424 4480 Dc
437 4428 478 4482 bis
502 4432 633 4499 omnibus,
651 4434 721 4490 inter
739 4436 991 4491 medicamentorum
1014 4435 1116 4499 classes,
1138 4434 1176 4505 sig

322 4508 465 4575 dnnrcri13
487 4513 513 4566 in
527 4515 595 4572 libro
609 4536 633 4571 r.
