2858 5296
336 312 408 393 170
726 327 761 376 A·
782 326 892 377 coau.
910 324 1017 378 cansr

335 502 395 580 vel
410 513 494 579 ruta
509 500 667 578 decocta
683 503 755 578 sit:
781 499 952 577 frictione
966 498 1023 575 uti
1039 496 1196 574 diutissfr

334 614 443 718 pulis,
460 615 629 716 proxime
645 615 692 690 ab
710 614 766 689 his
790 614 830 688 in
854 611 1011 689 brachiis
1028 624 1068 687 et
1083 611 1195 711 pedib

335 729 448 816 ribus.
465 727 598 804 leniter
615 741 744 804 contra
760 725 972 828 pulmonem
986 755 999 820 3
1026 724 1140 825 idque
1153 725 1194 801 bi

337 841 471 943 fecere.
524 839 638 929 Quod
662 841 711 915 ad
736 841 861 915 cibum
890 863 979 916 vero
1004 840 1176 940 pertinet.

339 956 440 1030 salsis
457 979 549 1056 opus
564 966 632 1043 est,
648 979 771 1054 neque
796 953 952 1042 acribus,
975 977 1097 1053 neque
1113 976 1193 1027 amo

338 1069 462 1146 alvum
480 1068 803 1167 adstringentibus,
822 1066 888 1142 sed
904 1065 1015 1168 paulo
1032 1066 1193 1142 lenioribr

338 1184 465 1285 primis
482 1181 611 1257 diebus
628 1180 749 1256 danda
765 1194 822 1256 est
833 1180 984 1256 sorbitio
999 1181 1193 1280 ptisanae*

341 1296 401 1371 vel
418 1319 560 1396 oryzae,
585 1319 672 1370 cum
698 1319 772 1394 qua
794 1319 925 1370 recens
950 1292 1062 1393 adeps
1088 1304 1192 1370 cocta

342 1407 423 1494 hac,
440 1407 573 1482 sorbile
590 1432 713 1495 ovum,
740 1407 865 1483 nuclei
889 1408 989 1506 pinei
1006 1430 1053 1481 ex
1069 1405 1192 1496 melle,

341 1520 438 1595 elota
454 1517 547 1594 alica
563 1544 611 1595 ex
628 1545 725 1620 aqua
740 1519 882 1594 mulsa:
910 1520 1016 1620 potui
1033 1517 1169 1594 deinde
1185 1540 1192 1593 ι

339 1658 433 1732 pura
448 1657 554 1732 aqua,
581 1633 781 1709 sedetiam
806 1632 924 1707 mulsa
948 1630 1105 1732 egelida,
1129 1642 1192 1708 aul

341 1765 409 1832 est,
426 1748 536 1822 etiarn
561 1744 717 1846 frigida;
743 1749 814 1822 nisi
839 1746 930 1846 quid
955 1745 1087 1822 obstat.
1140 1743 1192 1820 Hr

340 1859 457 1936 altero
469 1884 618 1960 quoqne
631 1861 703 1949 die,
717 1862 947 1936 increscente
959 1859 1099 1946 morbo,
1114 1857 1192 1933 dnn

340 1973 406 2048 ubi
421 1975 461 2048 in
477 1975 706 2049 incremento
723 1975 898 2061 constitit.
917 1985 1099 2072 quantum
1110 1994 1192 2072 resq

340 2087 511 2163 omnibus
526 2086 787 2162 abstinendum
810 2099 876 2173 est,
894 2099 1151 2186 praeterquam
1175 2108 1192 2161 a

341 2199 400 2274 da.
451 2198 490 2272 Si
507 2200 603 2274 vires
620 2198 765 2287 desunt,
792 2198 1024 2298 adjuvandae
1049 2209 1135 2273 sunt
1159 2220 1192 2272 ar

342 2312 575 2411 Prosuntque
586 2311 763 2386 adversus
780 2311 924 2387 dolores
937 2313 1108 2412 imposita
1123 2309 1192 2385 cali

342 2437 391 2514 ta,
410 2424 470 2500 vel
489 2449 544 2514 ea,
572 2450 667 2524 quae
693 2426 802 2500 simul
827 2439 866 2501 et
889 2427 1096 2524 reprimunt
1121 2436 1161 2499 et
1183 2448 1192 2498 r

343 2539 494 2638 prodest
509 2541 701 2639 impositus
727 2564 836 2639 super
861 2553 992 2640 pectus
1020 2538 1072 2613 sal
1096 2537 1192 2613 bene

342 2677 431 2727 cum
449 2664 572 2728 cerato
589 2653 753 2746 mixtus3
781 2654 868 2752 quia
892 2652 1021 2727 leviter
1046 2664 1172 2726 cutem

344 2792 417 2864 que
434 2767 613 2865 impetum
630 2768 813 2853 materiae,
834 2791 909 2865 quo
925 2765 1054 2866 pulmo
1071 2775 1192 2839 vexati

345 2877 448 2954 Utile
466 2881 576 2954 etiam
598 2878 748 2978 aliquod
772 2878 955 2978 malagma
972 2890 1090 2953 estex
1108 2879 1192 2975 iis‚r

344 2993 436 3065 riam
467 2992 628 3065 trahunt.
689 2993 823 3090 Neque
854 2993 1015 3067 alienum
1045 3004 1111 3076 est,
1146 2989 1192 3064 du

345 3103 508 3189 morbus,
545 3101 677 3178 clausis
710 3103 878 3180 fenestris
908 3129 1059 3204 aegrum
1094 3105 1195 3178 conti

345 3212 497 3313 paulum
513 3212 655 3290 levatus
673 3227 742 3303 est,
760 3228 817 3291 ter
836 3230 900 3292 aut
917 3230 1047 3317 quater
1063 3216 1134 3303 die,
1157 3215 1193 3292 fe

347 3338 526 3426 quantum
544 3328 690 3425 apertis,
715 3353 871 3426 parvum
892 3335 1011 3405 ab'rern
1028 3331 1192 3428 recipere

348 3444 386 3515 in
404 3439 604 3517 refectione
621 3439 787 3540 pluribus
804 3442 934 3518 diebus
951 3471 973 3520 a
990 3446 1076 3520 vino
1092 3444 1193 3519 abstir

348 3558 499 3642 tatione,
513 3553 682 3629 frictione
699 3557 776 3644 uti3
796 3558 1054 3632 sorbitionibus
1067 3569 1106 3632 et
1117 3557 1194 3655 prio

348 3669 519 3769 adjicere,
540 3692 585 3742 ex
602 3668 761 3743 oleribus
787 3695 948 3768 porrum,
978 3697 1025 3746 ex
1043 3695 1153 3745 carne
1178 3696 1194 3745 r

348 3805 490 3856 summa
515 3780 782 3871 trunculorum,
811 3796 922 3882 atquc
947 3783 1154 3884 pisciculos,
1181 3808 1195 3858 s

348 3893 439 3967 nihil
457 3896 527 3967 nisi
544 3894 654 3968 molle
672 3910 710 3970 et
726 3896 809 3970 lene
826 3910 1001 3972 sumatur.

188 4025 320 4095 nepesin
398 4005 513 4082 VIII.
541 4008 708 4082 Alterius
735 4035 883 4107 quoque
909 4012 1056 4086 visceris
1085 4011 1196 4085 morbi

339 4117 530 4220 jocinoris,
562 4145 678 4219 aeque
708 4122 819 4196 modo
853 4123 996 4222 longus,
1029 4126 1140 4199 modo
1169 4149 1197 4197 a«

188 4258 279 4310 Ama
348 4235 563 4310 consuevit:
590 4234 745 4320 ἡτατικᾶν
770 4235 906 4312 Graeci
933 4252 1077 4313 vocant.
1130 4239 1198 4312 De:

348 4349 415 4424 sub
443 4349 664 4446 praecordiis
691 4349 889 4425 vehemens
915 4351 1019 4427 dolor
1045 4364 1126 4445 est;
1158 4352 1197 4426 id
