2858 5296
354 390 379 456 9
727 413 763 460 Α.
782 411 893 462 corn.
912 411 1016 462 cuusr

353 578 563 657 attulemnt
616 582 721 672 Quos
748 595 871 660 tamen
898 585 1094 674 Homerus,
1123 608 1169 661 no

353 690 475 778 lentio,
492 697 666 794 usquein
684 699 788 772 variis
812 700 1006 798 generibus
1031 698 1170 772 morbor

354 805 515 880 attulisse
538 808 675 896 auxilii,
706 810 771 884 sed
793 811 1003 885 vulneribus
1024 824 1170 885 tantum

355 936 394 999 et
410 925 681 1001 medicamentis
698 925 834 1000 mederi
852 925 974 999 solitos
991 949 1081 1012 esse,
1100 949 1170 1024 pro]

356 1062 431 1136 quo
447 1053 606 1138 apparet,
630 1039 693 1112 has
713 1050 833 1138 partes
852 1038 1051 1112 medicinae
1073 1037 1166 1112 solas

357 1163 523 1240 tentatas,
537 1177 761 1251 easqusesse
775 1151 1042 1227 vetustissimas.
1092 1151 1170 1225 Eod

357 1277 436 1340 tore
454 1263 544 1339 disci
560 1278 690 1364 potest,
710 1265 853 1338 morbos
870 1277 949 1338 tum
973 1263 1021 1337 ad
1046 1263 1135 1337 iram
1152 1263 1170 1338 l

358 1376 563 1457 mortalium
579 1376 709 1453 relatos
727 1401 817 1464 esse,
842 1390 880 1459 et
890 1374 941 1455 ¹ab
958 1375 1087 1457 iisdem
1104 1400 1171 1476 ope

356 1488 468 1564 litam.
519 1487 682 1588 Verique
705 1488 821 1563 simile
848 1501 914 1576 ert,
942 1490 1037 1563 inter
1061 1487 1161 1562 nulla

356 1625 477 1676 versae
506 1601 732 1690 valetudinis,
762 1602 976 1702 plerumque
1005 1616 1125 1676 tamen
1157 1626 1171 1678 ε

354 1716 560 1815 contigisse,
577 1717 624 1790 ob
642 1717 756 1798 bonos
774 1738 901 1802 mores,
922 1732 1013 1815 quus
1029 1736 1150 1814 neque

354 1853 426 1926 que
442 1827 588 1903 luxuria
603 1831 781 1904 vitiarunt
834 1829 1018 1928 Siquidem
1037 1828 1127 1902 haec
1145 1827 1172 1902 d

353 1942 452 2037 prius
464 1943 503 2014 in
516 1940 684 2029 Graecia,
699 1940 831 2016 deinde
841 1941 940 2039 apud
953 1966 1029 2029 nos,
1045 1939 1173 2015 afflixer

355 2076 427 2150 que
456 2051 647 2151 multiplex
676 2055 746 2127 ista
774 2052 966 2140 medicina,
1002 2077 1173 2152 nequeo

354 2164 453 2262 apud
466 2163 551 2238 alias
563 2177 691 2260 gentes
707 2166 918 2252 necessaria,
937 2167 1000 2239 vix
1017 2165 1173 2264 aliquos

355 2279 552 2351 senectutis
568 2278 744 2376 principia
760 2277 939 2376 perducit
983 2277 1084 2376 Ergo
1104 2279 1174 2352 etia

356 2389 551 2490 dequibus
568 2389 685 2477 retuli,
704 2389 796 2463 nulli
813 2388 946 2464 clari
914 2416 980 2465 vrrr
970 2390 1174 2466 medicina

194 2516 342 2634 ssffim
360 2516 470 2597 runt3
499 2503 616 2577 donec
634 2502 768 2602 majore
785 2502 905 2576 studio
922 2503 1105 2577 literarum
1125 2503 1175 2577 dis

195 2651 300 2701 rum
358 2619 572 2746 taricoepit,
591 2641 696 2745 quae,
710 2628 753 2695 ut
764 2639 885 2695 ammo
896 2640 1090 2715 praecipue
1103 2639 1175 2695 omr

194 2726 278 2781 ‘¹¹⁸⁰‘
360 2732 462 2818 saria,
489 2731 541 2808 sic
558 2731 701 2829 corpori
724 2729 871 2807 inimica
894 2741 960 2805 est
1013 2728 1176 2827 Primoqu

359 2843 510 2921 scientia
526 2844 721 2940 sapientise
738 2867 819 2941 pars
837 2841 1061 2931 habebatur3
1082 2852 1124 2916 ut
1140 2856 1177 2918 et

357 2955 507 3040 curatio.
534 2966 573 3033 et
594 2979 716 3032 rerum
741 2969 891 3030 naturae
916 2953 1174 3052 contemplatio

356 3065 566 3145 auctoribus
583 3077 668 3146 nata
684 3067 755 3143 sit:
783 3066 922 3143 scilicet
938 3068 980 3141 iis
998 3066 1092 3141 hauc
1109 3090 1178 3143 mar

356 3178 531 3265 restibus,
550 3178 613 3276 qui
639 3202 832 3275 corporum
855 3202 1003 3254 suorum
1021 3181 1179 3280 roborat¹

356 3292 504 3378 unone,
533 3304 784 3387 nocturnaque
808 3289 931 3392 vigilia
959 3293 1176 3370 minuerant.

353 3403 490 3487 multos
507 3429 554 3481 ex
570 3405 766 3503 sapientiae
778 3401 1039 3501 professoribus
1056 3407 1180 3504 peritos

356 3518 586 3616 accepimus3
615 3515 827 3593 clarissimos
844 3541 930 3592 vero
952 3542 999 3595 ex
1023 3520 1066 3594 iis
1084 3517 1181 3618 Pyd

357 3629 631 3731 Empedoclem,
661 3641 699 3707 et
724 3630 990 3708 Democritum.
1044 3630 1168 3730 Hujus

193 3749 334 3880 Hupoew
358 3743 506 3843 quidun
532 3741 776 3830 coediderunt,
804 3742 1003 3841 discipulus
1022 3743 1183 3843 Hippocr

193 3817 334 4014 ffildle
336 3859 494 3957 primus
512 3857 659 3955 quidem
676 3880 723 3931 ex
741 3857 908 3933 omnibus
926 3859 1099 3934 memoria
1116 3856 1184 3956 digr

358 3971 420 4051 dio
432 3970 627 4067 sapientise
641 3967 866 4098 disciplinam
881 3969 974 4045 hanc
991 3971 1180 4068 separarit,

355 4095 394 4165 et
409 4081 607 4162 facundis
597 4083 757 4179 insignis.
810 4080 897 4158 Post
910 4109 1018 4182 quem
1037 4082 1186 4159 Diocles

356 4194 488 4271 deinde
507 4193 728 4293 Praxagoras
754 4208 791 4269 et
814 4193 1049 4295 Chrysippus,
1076 4194 1187 4271 tuml

355 4324 393 4387 et
410 4309 642 4383 Erasistratus
660 4309 711 4382 sic
724 4319 838 4382 artem
856 4309 949 4382 hanc
964 4331 1188 4384 exercuerun

353 4427 392 4497 iu
418 4421 576 4499 diversas
608 4420 759 4495 curandi
788 4423 863 4496 vias
890 4422 1138 4520 processerint
