2858 5296
314 328 388 407 190
708 334 1002 407 senisenni

311 520 466 619 exiguus,
482 517 641 595 invicem
655 514 768 595 modo
781 514 920 605 sedus,
942 512 1055 593 modo
1070 515 1188 617 ingres

312 644 510 732 antequem
526 630 652 709 cibum
667 630 800 731 ospint.
825 630 905 707 sine
917 626 1063 715 bolum
1078 628 1187 705 looor

311 746 410 823 niter
440 742 639 845 perfricui,
677 741 823 833 sudnre,
859 738 1034 845 perfimdi
1065 766 1166 843 nque

204 846 207 855 ’
312 852 1185 945 deindecibumsumoreexmedinmntsrimn

313 971 424 1045 rebus
438 971 582 1047 usinum
608 969 864 1059 moventium
894 968 1113 1069 quotiesque
1126 966 1184 1069 pls

315 1106 496 1161 ovomere
546 1080 623 1161 Ubi
638 1080 743 1159 doior
758 1080 957 1157 vehemens
970 1092 1090 1181 urget,
1113 1080 1184 1159 intr

315 1207 459 1273 tumore
474 1196 506 1271 is
521 1195 579 1283 sit,
604 1218 652 1269 en
668 1208 792 1271 tumor
814 1218 902 1271 cum
918 1191 1053 1283 odore,
1076 1216 1126 1269 on
1141 1204 1183 1271 tu

313 1308 423 1385 etiem
439 1305 665 1383 oboelluerit.
715 1306 814 1383 Nem
830 1308 863 1383 si
879 1318 1001 1383 tumor
1015 1304 1138 1383 nuilus
1153 1330 1182 1385 e

311 1417 484 1495 fomentis
507 1442 600 1519 opus
615 1430 683 1497 est.
734 1418 884 1518 Aquom
912 1420 1100 1507 mannum,
1126 1416 1182 1496 vei

313 1530 442 1613 durum
457 1529 679 1609 fervefacere
695 1545 850 1633 oportet,
877 1530 1011 1608 deiude
1027 1532 1067 1607 in
1083 1530 1181 1631 peius

312 1667 408 1732 sere,
426 1658 476 1735 et,
489 1668 576 1722 cum
585 1644 665 1746 jum
676 1645 786 1721 homo
797 1645 1018 1746 potipotest,
1033 1644 1181 1745 pedesd

311 1778 494 1858 superque
509 1756 642 1859 pullum
659 1758 757 1847 dure,
776 1771 816 1836 et
831 1758 1051 1835 vestimento
1063 1772 1181 1857 tegeri

311 1869 379 1945 tim
395 1868 528 1945 deinde
536 1870 649 1972 juxte
663 1870 806 1947 inbrum
822 1873 943 1970 ipsum
958 1894 1008 1947 ex
1020 1869 1180 1949 eudemi

311 1991 369 2057 ter
383 1982 589 2073 infundere,
616 2009 665 2059 ne
688 1984 791 2061 calor
815 1984 916 2060 intus
940 1983 1139 2078 desumat,
1167 2008 1180 2061 r

312 2105 426 2169 noctu
442 2095 698 2194 cstspinsmsis
708 2094 960 2173 calefacientia
970 2096 1172 2197 imponere,

312 2230 386 2308 que
401 2205 548 2283 hibisci·
562 2207 722 2285 redicem
739 2233 786 2286 ex
803 2211 892 2287 vino
907 2220 1067 2286 cocum.

362 2318 402 2395 si
417 2342 505 2395 vero
520 2331 643 2397 tumor
666 2320 838 2422 calorque
855 2332 921 2412 est,
948 2321 1094 2399 utiliora
1110 2344 1179 2399 sun

312 2433 440 2522 rnutie,
464 2445 638 2535 reeteque
654 2436 693 2509 in
709 2459 805 2534 equs
829 2459 940 2534 quem
964 2434 1179 2535 frigidissinn

313 2548 569 2642 continentum
605 2547 671 2624 sed
699 2572 819 2646 neque
848 2548 1025 2647 quotidie,
1056 2571 1179 2647 neque

312 2662 416 2736 nervi
431 2659 631 2737 laedentur.
680 2659 951 2760 imponendum
962 2685 1049 2735 vero
1061 2672 1178 2737 estse

312 2772 414 2872 quod
437 2772 649 2874 refrigeret·
680 2798 801 2873 neque
818 2775 995 2850 tamenin
1012 2772 1083 2848 hoc
1108 2774 1178 2874 ips<

311 2886 561 2981 menendum3
581 2886 645 2963 sed
661 2888 710 2962 nd
726 2912 770 2962 ea
786 2886 1059 2975 transeundum,
1079 2911 1176 2986 ques

124 3084 130 3095 μ
149 3002 185 3053 0·
149 3000 280 3133 ΜΝ*
311 3009 428 3085 munt,
455 3011 498 3074 ut
514 2942 712 3075 ediollisut.
764 3000 801 3074 Si
819 3000 934 3100 major
960 3012 1014 3075 est
1032 2999 1148 3090 dolor,

149 3085 304 3187 Ἕω
312 3110 465 3185 cortices
481 3111 521 3184 in
538 3111 624 3186 vino
641 3113 835 3210 coquendi,
862 3113 1113 3241 miscendique
1130 3138 1178 3188 cu

312 3234 408 3309 sunt,
434 3222 534 3320 quod
551 3248 598 3299 ex
622 3248 704 3299 rosa
727 3222 868 3299 factum
893 3227 963 3301 sit.
990 3225 1048 3300 vel
1074 3250 1178 3301 ceree

310 3333 436 3411 suillae
452 3336 669 3412 tantundem
681 3361 755 3410 una
771 3335 998 3436 liquandum,
1018 3338 1178 3414 deindel

309 3449 548 3539 miscendum,
575 3462 684 3548 atque
701 3449 775 3537 ubi,
805 3450 906 3549 quod
922 3477 971 3526 ex
997 3477 1042 3527 eo
1058 3454 1177 3552 impos

308 3561 471 3653 incaluit,
500 3561 775 3651 detrahendum,
808 3577 846 3638 et
871 3565 1025 3641 subinde
1051 3565 1177 3641 aliud,

309 3673 397 3748 dum
424 3689 490 3753 est
542 3674 580 3753 Si
596 3701 683 3751 vero
699 3688 859 3752 tumores
889 3679 1000 3753 etiam
1026 3676 1177 3753 obesus«

147 3218 198 3260 Μ,

309 3784 445 3876 dolent,
477 3788 574 3865 levet
599 3791 751 3889 spongia
783 3792 962 3888 imposita,
1000 3816 1093 3890 quae
1128 3793 1177 3867 sul

309 3895 402 3987 oleo,
422 3912 462 3975 et
477 3915 592 3990 aceto,
611 3901 670 3976 vel
686 3927 781 4001 aqua
796 3901 928 4002 frigida
945 3906 1178 4004 exprimitur

310 4012 476 4110 portione
505 4014 601 4091 inter
627 4038 665 4089 se
690 4017 807 4091 mixta
821 4018 896 4115 pix,
932 4043 1028 4106 cera,
1058 4017 1178 4094 alume

146 4166 273 4229 m
314 4124 422 4201 etism
438 4125 542 4254 plura
559 4127 689 4202 idonea
706 4129 871 4203 manibus
887 4130 1114 4233 pedibusque
1131 4156 1178 4206 mi

315 4235 469 4328 Quod
442 4264 473 4315 si
488 4237 578 4315 nihil
606 4241 851 4341 superimponi
881 4241 984 4318 dolor
1009 4246 1156 4345 patitur,

665 4377 793 4433 *Hibisci
805 4378 932 4451 simplicis
945 4381 995 4436 L?

147 4096 289 4146 Admenur
