<?xml version="1.0" encoding="UTF-8"?>
<!DOCTYPE html PUBLIC "-//W3C//DTD XHTML 1.0 Transitional//EN"
    "http://www.w3.org/TR/xhtml1/DTD/xhtml1-transitional.dtd">
<html xmlns="http://www.w3.org/1999/xhtml" xml:lang="en" lang="en">
 <head>
  <title>
</title>
<meta http-equiv="Content-Type" content="text/html;charset=utf-8" />
  <meta name='ocr-system' content='tesseract 3.04.00' />
  <meta name='ocr-capabilities' content='ocr_page ocr_carea ocr_par ocr_line ocrx_word'/>
</head>
<body>
  <div class='ocr_page' id='page_1' title='image "acorncelsimedic00targgoog_0153.png"; bbox 0 0 2858 5296; ppageno 0'>
   <div class='ocr_carea' id='block_1_1' title="bbox 324 316 996 386">
    <p class='ocr_par' dir='ltr' id='par_1_1' title="bbox 324 316 996 386">
     <span class='ocr_line' id='line_1_1' title="bbox 324 316 996 386; baseline -0.009 0"><span class='ocrx_word' id='word_1_1' title='bbox 324 316 396 386; x_wconf 69' lang='lat'>132</span> <span class='ocrx_word' id='word_1_2' title='bbox 704 335 739 382; x_wconf 77' lang='lat' dir='ltr'>s.</span> <span class='ocrx_word' id='word_1_3' title='bbox 759 331 871 382; x_wconf 77' lang='lat' dir='ltr'>coen.</span> <span class='ocrx_word' id='word_1_4' title='bbox 890 329 996 381; x_wconf 80' lang='lat' dir='ltr'>csssr</span> 
     </span>
    </p>
   </div>
   <div class='ocr_carea' id='block_1_2' title="bbox 166 505 1189 4453">
    <p class='ocr_par' dir='ltr' id='par_1_2' title="bbox 166 505 1189 4453">
     <span class='ocr_line' id='line_1_2' title="bbox 325 505 1189 602; baseline -0.008 -16"><span class='ocrx_word' id='word_1_5' title='bbox 325 512 435 596; x_wconf 89' lang='lat' dir='ltr'>tione,</span> <span class='ocrx_word' id='word_1_6' title='bbox 455 506 666 584; x_wconf 76' lang='lat' dir='ltr'>madefactis</span> <span class='ocrx_word' id='word_1_7' title='bbox 692 518 834 582; x_wconf 87' lang='lat' dir='ltr'>tantum</span> <span class='ocrx_word' id='word_1_8' title='bbox 852 505 1020 581; x_wconf 89' lang='lat' dir='ltr'>manibus</span> <span class='ocrx_word' id='word_1_9' title='bbox 1042 527 1149 602; x_wconf 84' lang='lat' dir='ltr'>aqua,</span> <span class='ocrx_word' id='word_1_10' title='bbox 1176 526 1189 579; x_wconf 79' lang='lat' dir='ltr'>t</span> 
     </span>
     <span class='ocr_line' id='line_1_3' title="bbox 326 618 1187 722; baseline -0.007 -24"><span class='ocrx_word' id='word_1_11' title='bbox 326 624 461 698; x_wconf 90' lang='lat' dir='ltr'>nitrum</span> <span class='ocrx_word' id='word_1_12' title='bbox 479 635 517 697; x_wconf 89' lang='lat' dir='ltr'>et</span> <span class='ocrx_word' id='word_1_13' title='bbox 533 620 606 698; x_wconf 90' lang='lat' dir='ltr'>olei</span> <span class='ocrx_word' id='word_1_14' title='bbox 621 620 772 722; x_wconf 88' lang='lat' dir='ltr'>paulum</span> <span class='ocrx_word' id='word_1_15' title='bbox 783 621 830 694; x_wconf 90' lang='lat' dir='ltr'>sit</span> <span class='ocrx_word' id='word_1_16' title='bbox 841 618 1023 719; x_wconf 86' lang='lat' dir='ltr'>adjectum</span> <span class='ocrx_word' id='word_1_17' title='bbox 1039 648 1051 710; x_wconf 76' lang='lat'>3</span> <span class='ocrx_word' id='word_1_18' title='bbox 1079 619 1144 704; x_wconf 91' lang='lat' dir='ltr'>sic,</span> <span class='ocrx_word' id='word_1_19' title='bbox 1157 641 1187 692; x_wconf 79' lang='lat' dir='ltr'>u·</span> 
     </span>
     <span class='ocr_line' id='line_1_4' title="bbox 325 733 1185 832; baseline -0.008 -19"><span class='ocrx_word' id='word_1_20' title='bbox 325 740 408 814; x_wconf 81' lang='lat' dir='ltr'>tiles</span> <span class='ocrx_word' id='word_1_21' title='bbox 425 751 490 812; x_wconf 87' lang='lat' dir='ltr'>aut</span> <span class='ocrx_word' id='word_1_22' title='bbox 507 735 700 812; x_wconf 84' lang='lat' dir='ltr'>muliebres</span> <span class='ocrx_word' id='word_1_23' title='bbox 718 758 846 809; x_wconf 87' lang='lat' dir='ltr'>manus</span> <span class='ocrx_word' id='word_1_24' title='bbox 863 733 1114 820; x_wconf 79' lang='lat' dir='ltr'><strong>adhibeantur,</strong></span> <span class='ocrx_word' id='word_1_25' title='bbox 1142 755 1185 832; x_wconf 85' lang='lat' dir='ltr'>qu</span> 
     </span>
     <span class='ocr_line' id='line_1_5' title="bbox 325 847 1183 948; baseline -0.009 -21"><span class='ocrx_word' id='word_1_26' title='bbox 325 876 451 927; x_wconf 86' lang='lat' dir='ltr'>earnm</span> <span class='ocrx_word' id='word_1_27' title='bbox 469 863 591 926; x_wconf 88' lang='lat' dir='ltr'>tactos</span> <span class='ocrx_word' id='word_1_28' title='bbox 607 852 676 925; x_wconf 87' lang='lat' dir='ltr'>sit:</span> <span class='ocrx_word' id='word_1_29' title='bbox 702 848 814 948; x_wconf 92' lang='lat' dir='ltr'>idque</span> <span class='ocrx_word' id='word_1_30' title='bbox 827 848 857 922; x_wconf 92' lang='lat' dir='ltr'>si</span> <span class='ocrx_word' id='word_1_31' title='bbox 874 849 971 921; x_wconf 84' lang='lat' dir='ltr'>vires</span> <span class='ocrx_word' id='word_1_32' title='bbox 982 847 1183 946; x_wconf 83' lang='lat' dir='ltr'>patiuntur,</span> 
     </span>
     <span class='ocr_line' id='line_1_6' title="bbox 326 959 1182 1060; baseline -0.007 -21"><span class='ocrx_word' id='word_1_33' title='bbox 326 965 467 1054; x_wconf 89' lang='lat' dir='ltr'>ridiem,</span> <span class='ocrx_word' id='word_1_34' title='bbox 503 977 581 1040; x_wconf 87' lang='lat' dir='ltr'>tota</span> <span class='ocrx_word' id='word_1_35' title='bbox 610 963 722 1046; x_wconf 81' lang='lat' dir='ltr'>hora3</span> <span class='ocrx_word' id='word_1_36' title='bbox 751 974 836 1060; x_wconf 89' lang='lat' dir='ltr'>post</span> <span class='ocrx_word' id='word_1_37' title='bbox 864 959 1066 1046; x_wconf 84' lang='lat' dir='ltr'>meridiem,</span> <span class='ocrx_word' id='word_1_38' title='bbox 1096 960 1182 1043; x_wconf 87' lang='lat' dir='ltr'>semi</span> 
     </span>
     <span class='ocr_line' id='line_1_7' title="bbox 326 1074 1181 1179; baseline -0.008 -26"><span class='ocrx_word' id='word_1_39' title='bbox 326 1092 481 1179; x_wconf 78' lang='lat' dir='ltr'>oportet</span> <span class='ocrx_word' id='word_1_40' title='bbox 534 1076 650 1155; x_wconf 86' lang='lat' dir='ltr'>Utilia</span> <span class='ocrx_word' id='word_1_41' title='bbox 659 1077 768 1151; x_wconf 87' lang='lat' dir='ltr'>etiam</span> <span class='ocrx_word' id='word_1_42' title='bbox 782 1074 1181 1175; x_wconf 82' lang='lat' dir='ltr'>suntcataplasmata,q</span> 
     </span>
     <span class='ocr_line' id='line_1_8' title="bbox 327 1189 1179 1290; baseline -0.005 -23"><span class='ocrx_word' id='word_1_43' title='bbox 327 1204 457 1285; x_wconf 78' lang='lat' dir='ltr'>mnnt3</span> <span class='ocrx_word' id='word_1_44' title='bbox 484 1190 759 1290; x_wconf 84' lang='lat' dir='ltr'>maximequesi</span> <span class='ocrx_word' id='word_1_45' title='bbox 776 1213 929 1288; x_wconf 87' lang='lat' dir='ltr'>corpora</span> <span class='ocrx_word' id='word_1_46' title='bbox 941 1189 1122 1263; x_wconf 88' lang='lat' dir='ltr'>teneriora</span> <span class='ocrx_word' id='word_1_47' title='bbox 1133 1211 1179 1263; x_wconf 86' lang='lat' dir='ltr'>su</span> 
     </span>
     <span class='ocr_line' id='line_1_9' title="bbox 328 1301 1171 1403; baseline -0.006 -24"><span class='ocrx_word' id='word_1_48' title='bbox 328 1303 491 1379; x_wconf 83' lang='lat' dir='ltr'>dendtun</span> <span class='ocrx_word' id='word_1_49' title='bbox 507 1327 654 1403; x_wconf 87' lang='lat' dir='ltr'>quoqne</span> <span class='ocrx_word' id='word_1_50' title='bbox 671 1315 726 1377; x_wconf 88' lang='lat' dir='ltr'>est</span> <span class='ocrx_word' id='word_1_51' title='bbox 742 1326 853 1401; x_wconf 87' lang='lat' dir='ltr'>super</span> <span class='ocrx_word' id='word_1_52' title='bbox 868 1301 995 1386; x_wconf 89' lang='lat' dir='ltr'>talum,</span> <span class='ocrx_word' id='word_1_53' title='bbox 1013 1312 1171 1400; x_wconf 87' lang='lat' dir='ltr'>quatuor</span> 
     </span>
     <span class='ocr_line' id='line_1_10' title="bbox 327 1412 1177 1517; baseline -0.002 -26"><span class='ocrx_word' id='word_1_54' title='bbox 327 1418 384 1504; x_wconf 90' lang='lat' dir='ltr'>tis,</span> <span class='ocrx_word' id='word_1_55' title='bbox 402 1441 450 1491; x_wconf 86' lang='lat' dir='ltr'>ex</span> <span class='ocrx_word' id='word_1_56' title='bbox 467 1429 571 1517; x_wconf 87' lang='lat' dir='ltr'>parte</span> <span class='ocrx_word' id='word_1_57' title='bbox 586 1418 770 1504; x_wconf 90' lang='lat' dir='ltr'>interiore,</span> <span class='ocrx_word' id='word_1_58' title='bbox 789 1439 862 1514; x_wconf 85' lang='lat' dir='ltr'>qua</span> <span class='ocrx_word' id='word_1_59' title='bbox 874 1440 940 1515; x_wconf 86' lang='lat' dir='ltr'>per</span> <span class='ocrx_word' id='word_1_60' title='bbox 956 1412 1096 1512; x_wconf 85' lang='lat' dir='ltr'><strong>aliquot</strong></span> <span class='ocrx_word' id='word_1_61' title='bbox 1113 1413 1177 1489; x_wconf 81' lang='lat' dir='ltr'>dis</span> 
     </span>
     <span class='ocr_line' id='line_1_11' title="bbox 327 1526 1176 1628; baseline 0 -26"><span class='ocrx_word' id='word_1_62' title='bbox 327 1528 458 1603; x_wconf 88' lang='lat' dir='ltr'>humor</span> <span class='ocrx_word' id='word_1_63' title='bbox 482 1526 621 1606; x_wconf 87' lang='lat' dir='ltr'>feratur</span> <span class='ocrx_word' id='word_1_64' title='bbox 633 1563 643 1618; x_wconf 73' lang='grc' dir='ltr'><strong><em>ς</em></strong></span> <span class='ocrx_word' id='word_1_65' title='bbox 666 1543 777 1628; x_wconf 88' lang='lat' dir='ltr'>atque</span> <span class='ocrx_word' id='word_1_66' title='bbox 801 1531 898 1627; x_wconf 92' lang='lat' dir='ltr'>ipsos</span> <span class='ocrx_word' id='word_1_67' title='bbox 923 1539 1086 1601; x_wconf 89' lang='lat' dir='ltr'>tumores</span> <span class='ocrx_word' id='word_1_68' title='bbox 1111 1529 1176 1602; x_wconf 89' lang='lat' dir='ltr'>inc</span> 
     </span>
     <span class='ocr_line' id='line_1_12' title="bbox 326 1639 1152 1741; baseline 0.001 -27"><span class='ocrx_word' id='word_1_69' title='bbox 326 1639 443 1741; x_wconf 87' lang='lat' dir='ltr'>plagis</span> <span class='ocrx_word' id='word_1_70' title='bbox 460 1655 629 1741; x_wconf 83' lang='lat' dir='ltr'>oportet:</span> <span class='ocrx_word' id='word_1_71' title='bbox 658 1641 1018 1740; x_wconf 88' lang='lat' dir='ltr'>concutiendumque</span> <span class='ocrx_word' id='word_1_72' title='bbox 1036 1641 1152 1715; x_wconf 87' lang='lat' dir='ltr'>multa</span> 
     </span>
     <span class='ocr_line' id='line_1_13' title="bbox 326 1754 1171 1856; baseline 0 -26"><span class='ocrx_word' id='word_1_73' title='bbox 326 1779 461 1856; x_wconf 88' lang='lat' dir='ltr'>corpus</span> <span class='ocrx_word' id='word_1_74' title='bbox 479 1769 558 1832; x_wconf 89' lang='lat' dir='ltr'>est:</span> <span class='ocrx_word' id='word_1_75' title='bbox 586 1771 708 1856; x_wconf 87' lang='lat' dir='ltr'>atque,</span> <span class='ocrx_word' id='word_1_76' title='bbox 728 1757 791 1830; x_wconf 91' lang='lat' dir='ltr'>ubi</span> <span class='ocrx_word' id='word_1_77' title='bbox 807 1755 980 1829; x_wconf 88' lang='lat' dir='ltr'>inductae</span> <span class='ocrx_word' id='word_1_78' title='bbox 1003 1754 1171 1830; x_wconf 88' lang='lat' dir='ltr'>vulnerib</span> 
     </span>
     <span class='ocr_line' id='line_1_14' title="bbox 327 1868 1172 1970; baseline 0 -28"><span class='ocrx_word' id='word_1_79' title='bbox 327 1893 389 1944; x_wconf 87' lang='lat' dir='ltr'>ces</span> <span class='ocrx_word' id='word_1_80' title='bbox 414 1880 511 1958; x_wconf 89' lang='lat' dir='ltr'>sunt,</span> <span class='ocrx_word' id='word_1_81' title='bbox 539 1869 784 1970; x_wconf 87' lang='lat' dir='ltr'>adjiciendum</span> <span class='ocrx_word' id='word_1_82' title='bbox 811 1880 849 1943; x_wconf 88' lang='lat' dir='ltr'>et</span> <span class='ocrx_word' id='word_1_83' title='bbox 873 1868 1172 1942; x_wconf 87' lang='lat' dir='ltr'>exercitationibu</span> 
     </span>
     <span class='ocr_line' id='line_1_15' title="bbox 327 1980 1171 2082; baseline 0 -26"><span class='ocrx_word' id='word_1_84' title='bbox 327 1981 447 2058; x_wconf 90' lang='lat' dir='ltr'>donec</span> <span class='ocrx_word' id='word_1_85' title='bbox 464 2008 597 2082; x_wconf 92' lang='lat' dir='ltr'>corpus</span> <span class='ocrx_word' id='word_1_86' title='bbox 614 1983 661 2058; x_wconf 90' lang='lat' dir='ltr'>ad</span> <span class='ocrx_word' id='word_1_87' title='bbox 677 1984 869 2082; x_wconf 87' lang='lat' dir='ltr'>pristinum</span> <span class='ocrx_word' id='word_1_88' title='bbox 886 1980 1051 2056; x_wconf 90' lang='lat' dir='ltr'>habitum</span> <span class='ocrx_word' id='word_1_89' title='bbox 1069 2004 1171 2056; x_wconf 87' lang='lat' dir='ltr'>rever</span> 
     </span>
     <span class='ocr_line' id='line_1_16' title="bbox 327 2085 1170 2193; baseline -0.001 -24"><span class='ocrx_word' id='word_1_90' title='bbox 327 2095 396 2169; x_wconf 91' lang='lat' dir='ltr'>bus</span> <span class='ocrx_word' id='word_1_91' title='bbox 423 2095 548 2170; x_wconf 88' lang='lat' dir='ltr'>valens</span> <span class='ocrx_word' id='word_1_92' title='bbox 577 2121 655 2171; x_wconf 88' lang='lat' dir='ltr'>esse</span> <span class='ocrx_word' id='word_1_93' title='bbox 686 2095 806 2181; x_wconf 79' lang='lat' dir='ltr'>debet,</span> <span class='ocrx_word' id='word_1_94' title='bbox 834 2085 873 2169; x_wconf 70' lang='lat' dir='ltr'>et&#39;</span> <span class='ocrx_word' id='word_1_95' title='bbox 897 2094 1112 2193; x_wconf 87' lang='lat' dir='ltr'>glutinosus,</span> <span class='ocrx_word' id='word_1_96' title='bbox 1149 2118 1170 2168; x_wconf 86' lang='lat' dir='ltr'>n</span> 
     </span>
     <span class='ocr_line' id='line_1_17' title="bbox 326 2207 1169 2308; baseline 0.002 -26"><span class='ocrx_word' id='word_1_97' title='bbox 326 2230 434 2282; x_wconf 85' lang='lat' dir='ltr'>caro:</span> <span class='ocrx_word' id='word_1_98' title='bbox 459 2211 598 2296; x_wconf 90' lang='lat' dir='ltr'>vinum,</span> <span class='ocrx_word' id='word_1_99' title='bbox 617 2210 647 2282; x_wconf 89' lang='lat' dir='ltr'>si</span> <span class='ocrx_word' id='word_1_100' title='bbox 663 2234 729 2308; x_wconf 89' lang='lat' dir='ltr'>per</span> <span class='ocrx_word' id='word_1_101' title='bbox 746 2207 974 2283; x_wconf 85' lang='lat' dir='ltr'>stomachum</span> <span class='ocrx_word' id='word_1_102' title='bbox 992 2207 1090 2296; x_wconf 90' lang='lat' dir='ltr'>licet,</span> <span class='ocrx_word' id='word_1_103' title='bbox 1117 2208 1169 2284; x_wconf 87' lang='lat' dir='ltr'>du</span> 
     </span>
     <span class='ocr_line' id='line_1_18' title="bbox 327 2319 1167 2421; baseline 0.002 -26"><span class='ocrx_word' id='word_1_104' title='bbox 327 2321 390 2408; x_wconf 80' lang='lat' dir='ltr'>ita,</span> <span class='ocrx_word' id='word_1_105' title='bbox 410 2332 451 2396; x_wconf 90' lang='lat' dir='ltr'>ut</span> <span class='ocrx_word' id='word_1_106' title='bbox 466 2322 623 2396; x_wconf 88' lang='lat' dir='ltr'>invicem</span> <span class='ocrx_word' id='word_1_107' title='bbox 641 2321 755 2396; x_wconf 92' lang='lat' dir='ltr'>biduo</span> <span class='ocrx_word' id='word_1_108' title='bbox 773 2321 952 2408; x_wconf 88' lang='lat' dir='ltr'>triduove,</span> <span class='ocrx_word' id='word_1_109' title='bbox 968 2319 1081 2395; x_wconf 92' lang='lat' dir='ltr'>modo</span> <span class='ocrx_word' id='word_1_110' title='bbox 1097 2344 1167 2421; x_wconf 86' lang='lat' dir='ltr'>aqu</span> 
     </span>
     <span class='ocr_line' id='line_1_19' title="bbox 328 2431 1167 2509; baseline 0 -1"><span class='ocrx_word' id='word_1_111' title='bbox 328 2434 485 2509; x_wconf 79' lang='lat' dir='ltr'>bibatur.</span> <span class='ocrx_word' id='word_1_112' title='bbox 554 2432 709 2509; x_wconf 85' lang='lat' dir='ltr'>Prodest</span> <span class='ocrx_word' id='word_1_113' title='bbox 738 2435 847 2508; x_wconf 89' lang='lat' dir='ltr'>etiam</span> <span class='ocrx_word' id='word_1_114' title='bbox 882 2431 1048 2508; x_wconf 85' lang='lat' dir='ltr'>lactucae</span> <span class='ocrx_word' id='word_1_115' title='bbox 1082 2436 1167 2509; x_wconf 90' lang='lat' dir='ltr'>mari</span> 
     </span>
     <span class='ocr_line' id='line_1_20' title="bbox 328 2546 1148 2648; baseline 0.001 -28"><span class='ocrx_word' id='word_1_116' title='bbox 328 2547 477 2648; x_wconf 84' lang='lat' dir='ltr'>grandis</span> <span class='ocrx_word' id='word_1_117' title='bbox 487 2546 598 2648; x_wconf 87' lang='lat' dir='ltr'>juxta</span> <span class='ocrx_word' id='word_1_118' title='bbox 615 2572 714 2622; x_wconf 88' lang='lat' dir='ltr'>marc</span> <span class='ocrx_word' id='word_1_119' title='bbox 725 2549 896 2634; x_wconf 87' lang='lat' dir='ltr'>nascitur,</span> <span class='ocrx_word' id='word_1_120' title='bbox 911 2571 1045 2634; x_wconf 86' lang='lat' dir='ltr'>semen,</span> <span class='ocrx_word' id='word_1_121' title='bbox 1064 2573 1148 2621; x_wconf 91' lang='lat' dir='ltr'>cum</span> 
     </span>
     <span class='ocr_line' id='line_1_21' title="bbox 330 2661 1164 2759; baseline -0.002 -22"><span class='ocrx_word' id='word_1_122' title='bbox 330 2661 469 2737; x_wconf 87' lang='lat' dir='ltr'>datum.</span> <span class='ocrx_word' id='word_1_123' title='bbox 521 2661 558 2735; x_wconf 87' lang='lat' dir='ltr'>Si</span> <span class='ocrx_word' id='word_1_124' title='bbox 575 2662 699 2736; x_wconf 89' lang='lat' dir='ltr'>valens</span> <span class='ocrx_word' id='word_1_125' title='bbox 716 2673 781 2747; x_wconf 88' lang='lat' dir='ltr'>est,</span> <span class='ocrx_word' id='word_1_126' title='bbox 801 2662 863 2758; x_wconf 92' lang='lat' dir='ltr'>qui</span> <span class='ocrx_word' id='word_1_127' title='bbox 882 2661 919 2732; x_wconf 93' lang='lat' dir='ltr'>id</span> <span class='ocrx_word' id='word_1_128' title='bbox 937 2662 1079 2759; x_wconf 82' lang='lat' dir='ltr'>accipit,</span> <span class='ocrx_word' id='word_1_129' title='bbox 1100 2673 1164 2735; x_wconf 90' lang='lat' dir='ltr'>ets</span> 
     </span>
     <span class='ocr_line' id='line_1_22' title="bbox 330 2773 1163 2873; baseline 0.001 -27"><span class='ocrx_word' id='word_1_130' title='bbox 330 2776 425 2849; x_wconf 89' lang='lat' dir='ltr'>sicut</span> <span class='ocrx_word' id='word_1_131' title='bbox 455 2798 564 2873; x_wconf 82' lang='lat' dir='ltr'>supra</span> <span class='ocrx_word' id='word_1_132' title='bbox 590 2773 678 2861; x_wconf 86' lang='lat' dir='ltr'>dixi,</span> <span class='ocrx_word' id='word_1_133' title='bbox 705 2773 913 2871; x_wconf 86' lang='lat' dir='ltr'>delingitur.</span> <span class='ocrx_word' id='word_1_134' title='bbox 983 2773 1163 2847; x_wconf 90' lang='lat' dir='ltr'>Auctores</span> 
     </span>
     <span class='ocr_line' id='line_1_23' title="bbox 331 2886 1162 2984; baseline 0.001 -26"><span class='ocrx_word' id='word_1_135' title='bbox 331 2899 427 2973; x_wconf 91' lang='lat' dir='ltr'>sunt,</span> <span class='ocrx_word' id='word_1_136' title='bbox 447 2887 579 2961; x_wconf 89' lang='lat' dir='ltr'>inflatis</span> <span class='ocrx_word' id='word_1_137' title='bbox 597 2889 726 2960; x_wconf 83' lang='lat' dir='ltr'>vesicis</span> <span class='ocrx_word' id='word_1_138' title='bbox 744 2886 939 2984; x_wconf 87' lang='lat' dir='ltr'>pulsandos</span> <span class='ocrx_word' id='word_1_139' title='bbox 957 2899 1118 2960; x_wconf 91' lang='lat' dir='ltr'>tumores</span> <span class='ocrx_word' id='word_1_140' title='bbox 1137 2912 1162 2960; x_wconf 84' lang='lat' dir='ltr'>e:</span> 
     </span>
     <span class='ocr_line' id='line_1_24' title="bbox 382 2998 1161 3098; baseline 0.004 -26"><span class='ocrx_word' id='word_1_141' title='bbox 382 2999 419 3072; x_wconf 86' lang='lat' dir='ltr'>Si</span> <span class='ocrx_word' id='word_1_142' title='bbox 437 3023 526 3072; x_wconf 90' lang='lat' dir='ltr'>vero</span> <span class='ocrx_word' id='word_1_143' title='bbox 543 2998 581 3071; x_wconf 93' lang='lat' dir='ltr'>id</span> <span class='ocrx_word' id='word_1_144' title='bbox 598 3001 715 3073; x_wconf 89' lang='lat' dir='ltr'>morbi</span> <span class='ocrx_word' id='word_1_145' title='bbox 732 3025 849 3098; x_wconf 87' lang='lat' dir='ltr'>genus</span> <span class='ocrx_word' id='word_1_146' title='bbox 867 3013 931 3086; x_wconf 90' lang='lat' dir='ltr'>est,</span> <span class='ocrx_word' id='word_1_147' title='bbox 952 3025 1025 3097; x_wconf 91' lang='lat' dir='ltr'>qno</span> <span class='ocrx_word' id='word_1_148' title='bbox 1050 3002 1088 3073; x_wconf 91' lang='lat' dir='ltr'>in</span> <span class='ocrx_word' id='word_1_149' title='bbox 1105 3016 1161 3075; x_wconf 69' lang='lat' dir='ltr'>uta</span> 
     </span>
     <span class='ocr_line' id='line_1_25' title="bbox 331 3111 1158 3213; baseline 0.005 -29"><span class='ocrx_word' id='word_1_150' title='bbox 331 3135 426 3209; x_wconf 83' lang='lat' dir='ltr'>aqua</span> <span class='ocrx_word' id='word_1_151' title='bbox 442 3111 680 3199; x_wconf 89' lang='lat' dir='ltr'>contrahitur,</span> <span class='ocrx_word' id='word_1_152' title='bbox 695 3113 891 3200; x_wconf 89' lang='lat' dir='ltr'>ambulare,</span> <span class='ocrx_word' id='word_1_153' title='bbox 908 3112 971 3186; x_wconf 89' lang='lat' dir='ltr'>sed</span> <span class='ocrx_word' id='word_1_154' title='bbox 988 3116 1104 3213; x_wconf 86' lang='lat' dir='ltr'>magis</span> <span class='ocrx_word' id='word_1_155' title='bbox 1121 3140 1158 3188; x_wconf 93' lang='lat' dir='ltr'>m</span> 
     </span>
     <span class='ocr_line' id='line_1_26' title="bbox 331 3222 1160 3326; baseline 0.006 -29"><span class='ocrx_word' id='word_1_156' title='bbox 331 3236 385 3297; x_wconf 84' lang='lat' dir='ltr'>bet</span> <span class='ocrx_word' id='word_1_157' title='bbox 398 3253 409 3312; x_wconf 81' lang='lat'>3</span> <span class='ocrx_word' id='word_1_158' title='bbox 446 3222 636 3320; x_wconf 80' lang='lat' dir='ltr'>malagma,</span> <span class='ocrx_word' id='word_1_159' title='bbox 667 3224 765 3321; x_wconf 91' lang='lat' dir='ltr'>qnod</span> <span class='ocrx_word' id='word_1_160' title='bbox 800 3225 951 3322; x_wconf 84' lang='lat' dir='ltr'>digerat,</span> <span class='ocrx_word' id='word_1_161' title='bbox 982 3228 1160 3326; x_wconf 84' lang='lat' dir='ltr'>impositu·</span> 
     </span>
     <span class='ocr_line' id='line_1_27' title="bbox 330 3334 1156 3438; baseline 0.007 -30"><span class='ocrx_word' id='word_1_162' title='bbox 330 3334 442 3434; x_wconf 87' lang='lat' dir='ltr'>idque</span> <span class='ocrx_word' id='word_1_163' title='bbox 453 3337 572 3432; x_wconf 89' lang='lat' dir='ltr'>ipsum</span> <span class='ocrx_word' id='word_1_164' title='bbox 586 3337 864 3433; x_wconf 89' lang='lat' dir='ltr'>superimposito</span> <span class='ocrx_word' id='word_1_165' title='bbox 877 3336 1009 3436; x_wconf 90' lang='lat' dir='ltr'>triplici</span> <span class='ocrx_word' id='word_1_166' title='bbox 1023 3365 1156 3438; x_wconf 88' lang='lat' dir='ltr'>panno,</span> 
     </span>
     <span class='ocr_line' id='line_1_28' title="bbox 331 3448 1158 3551; baseline 0.005 -29"><span class='ocrx_word' id='word_1_167' title='bbox 331 3450 484 3523; x_wconf 87' lang='lat' dir='ltr'>nimium</span> <span class='ocrx_word' id='word_1_168' title='bbox 510 3461 632 3522; x_wconf 87' lang='lat' dir='ltr'>tamen</span> <span class='ocrx_word' id='word_1_169' title='bbox 664 3448 909 3538; x_wconf 86' lang='lat' dir='ltr'>vehementer,</span> <span class='ocrx_word' id='word_1_170' title='bbox 951 3453 1158 3551; x_wconf 73' lang='lat' dir='ltr'>adstringes</span> 
     </span>
     <span class='ocr_line' id='line_1_29' title="bbox 331 3559 1157 3665; baseline 0.004 -28"><span class='ocrx_word' id='word_1_171' title='bbox 331 3561 486 3637; x_wconf 84' lang='lat' dir='ltr'>&#39;lbania</span> <span class='ocrx_word' id='word_1_172' title='bbox 501 3559 720 3660; x_wconf 77' lang='lat' dir='ltr'>profectum,</span> <span class='ocrx_word' id='word_1_173' title='bbox 740 3583 920 3637; x_wconf 89' lang='lat' dir='ltr'>servatum</span> <span class='ocrx_word' id='word_1_174' title='bbox 940 3591 1019 3639; x_wconf 90' lang='lat' dir='ltr'>esse</span> <span class='ocrx_word' id='word_1_175' title='bbox 1036 3591 1058 3639; x_wconf 91' lang='lat' dir='ltr'>a</span> <span class='ocrx_word' id='word_1_176' title='bbox 1075 3567 1157 3665; x_wconf 91' lang='lat' dir='ltr'>plur</span> 
     </span>
     <span class='ocr_line' id='line_1_30' title="bbox 329 3674 1157 3775; baseline 0.004 -26"><span class='ocrx_word' id='word_1_177' title='bbox 329 3675 368 3749; x_wconf 81' lang='lat' dir='ltr'>si</span> <span class='ocrx_word' id='word_1_178' title='bbox 378 3675 498 3775; x_wconf 87' lang='lat' dir='ltr'>jecur,</span> <span class='ocrx_word' id='word_1_179' title='bbox 524 3686 590 3748; x_wconf 86' lang='lat' dir='ltr'>ant</span> <span class='ocrx_word' id='word_1_180' title='bbox 607 3674 740 3749; x_wconf 90' lang='lat' dir='ltr'>lienem</span> <span class='ocrx_word' id='word_1_181' title='bbox 758 3675 928 3750; x_wconf 85' lang='lat' dir='ltr'>affectum</span> <span class='ocrx_word' id='word_1_182' title='bbox 947 3704 1038 3765; x_wconf 87' lang='lat' dir='ltr'>esse,</span> <span class='ocrx_word' id='word_1_183' title='bbox 1064 3681 1157 3752; x_wconf 87' lang='lat' dir='ltr'>mani</span> 
     </span>
     <span class='ocr_line' id='line_1_31' title="bbox 330 3786 1156 3890; baseline 0.002 -28"><span class='ocrx_word' id='word_1_184' title='bbox 330 3786 441 3862; x_wconf 59' lang='lat' dir='ltr'>&amp;um</span> <span class='ocrx_word' id='word_1_185' title='bbox 467 3789 642 3887; x_wconf 87' lang='lat' dir='ltr'>pinguem</span> <span class='ocrx_word' id='word_1_186' title='bbox 668 3802 869 3877; x_wconf 86' lang='lat' dir='ltr'>contusam,</span> <span class='ocrx_word' id='word_1_187' title='bbox 897 3789 1045 3890; x_wconf 83' lang='lat' dir='ltr'>adjecto</span> <span class='ocrx_word' id='word_1_188' title='bbox 1067 3791 1156 3866; x_wconf 89' lang='lat' dir='ltr'>mell</span> 
     </span>
     <span class='ocr_line' id='line_1_32' title="bbox 166 3899 1155 3999; baseline 0.009 -29"><span class='ocrx_word' id='word_1_189' title='bbox 166 3922 433 3993; x_wconf 60' lang='lat' dir='ltr'>Aqmmunere.</span> <span class='ocrx_word' id='word_1_190' title='bbox 484 3899 522 3974; x_wconf 85' lang='lat' dir='ltr'>si</span> <span class='ocrx_word' id='word_1_191' title='bbox 539 3901 706 3999; x_wconf 82' lang='lat' dir='ltr'>pertalis</span> <span class='ocrx_word' id='word_1_192' title='bbox 723 3902 858 3975; x_wconf 85' lang='lat' dir='ltr'>auxilia</span> <span class='ocrx_word' id='word_1_193' title='bbox 877 3919 1002 3977; x_wconf 91' lang='lat' dir='ltr'>venter</span> <span class='ocrx_word' id='word_1_194' title='bbox 1028 3929 1103 3980; x_wconf 89' lang='lat' dir='ltr'>non</span> <span class='ocrx_word' id='word_1_195' title='bbox 1128 3907 1155 3979; x_wconf 93' lang='lat' dir='ltr'>si</span> 
     </span>
     <span class='ocr_line' id='line_1_33' title="bbox 166 3998 1141 4104; baseline 0.009 -21"><span class='ocrx_word' id='word_1_196' title='bbox 166 3998 311 4048; x_wconf 56' lang='lat' dir='ltr'>‘&#39;md’&#39;</span> <span class='ocrx_word' id='word_1_197' title='bbox 334 4011 466 4086; x_wconf 90' lang='lat' dir='ltr'>humor</span> <span class='ocrx_word' id='word_1_198' title='bbox 479 4012 713 4087; x_wconf 84' lang='lat' dir='ltr'>nihilominus</span> <span class='ocrx_word' id='word_1_199' title='bbox 724 4016 896 4104; x_wconf 89' lang='lat' dir='ltr'>abundat,</span> <span class='ocrx_word' id='word_1_200' title='bbox 910 4017 1073 4092; x_wconf 88' lang='lat' dir='ltr'>celeriori</span> <span class='ocrx_word' id='word_1_201' title='bbox 1084 4020 1141 4092; x_wconf 87' lang='lat' dir='ltr'>via</span> 
     </span>
     <span class='ocr_line' id='line_1_34' title="bbox 331 4127 1154 4226; baseline 0.012 -27"><span class='ocrx_word' id='word_1_202' title='bbox 331 4139 373 4200; x_wconf 92' lang='lat' dir='ltr'>ut</span> <span class='ocrx_word' id='word_1_203' title='bbox 389 4127 419 4199; x_wconf 91' lang='lat' dir='ltr'>is</span> <span class='ocrx_word' id='word_1_204' title='bbox 436 4151 502 4224; x_wconf 85' lang='lat' dir='ltr'>per</span> <span class='ocrx_word' id='word_1_205' title='bbox 519 4141 683 4202; x_wconf 87' lang='lat' dir='ltr'>ventrem</span> <span class='ocrx_word' id='word_1_206' title='bbox 702 4130 820 4226; x_wconf 91' lang='lat' dir='ltr'>ipsum</span> <span class='ocrx_word' id='word_1_207' title='bbox 840 4132 1037 4206; x_wconf 86' lang='lat' dir='ltr'>emittatur.</span> <span class='ocrx_word' id='word_1_208' title='bbox 1089 4133 1154 4210; x_wconf 83' lang='lat' dir='ltr'>Ne</span> 
     </span>
     <span class='ocr_line' id='line_1_35' title="bbox 331 4239 1154 4339; baseline 0.006 -25"><span class='ocrx_word' id='word_1_209' title='bbox 331 4239 547 4314; x_wconf 85' lang='lat' dir='ltr'>Erasistrato</span> <span class='ocrx_word' id='word_1_210' title='bbox 561 4240 788 4339; x_wconf 86' lang='lat' dir='ltr'>displicuisse</span> <span class='ocrx_word' id='word_1_211' title='bbox 804 4243 896 4317; x_wconf 88' lang='lat' dir='ltr'>banc</span> <span class='ocrx_word' id='word_1_212' title='bbox 911 4244 1064 4318; x_wconf 84' lang='lat' dir='ltr'>curandi</span> <span class='ocrx_word' id='word_1_213' title='bbox 1077 4248 1154 4320; x_wconf 83' lang='lat' dir='ltr'>viar</span> 
     </span>
     <span class='ocr_line' id='line_1_36' title="bbox 329 4351 1138 4453; baseline 0.006 -25"><span class='ocrx_word' id='word_1_214' title='bbox 329 4355 427 4428; x_wconf 86' lang='lat' dir='ltr'>enim</span> <span class='ocrx_word' id='word_1_215' title='bbox 452 4351 552 4428; x_wconf 87' lang='lat' dir='ltr'>hunc</span> <span class='ocrx_word' id='word_1_216' title='bbox 572 4353 749 4453; x_wconf 88' lang='lat' dir='ltr'>jocinoris</span> <span class='ocrx_word' id='word_1_217' title='bbox 773 4359 941 4453; x_wconf 89' lang='lat' dir='ltr'>putavit:</span> <span class='ocrx_word' id='word_1_218' title='bbox 970 4359 1021 4432; x_wconf 84' lang='lat' dir='ltr'>ita</span> <span class='ocrx_word' id='word_1_219' title='bbox 1046 4357 1138 4433; x_wconf 90' lang='lat' dir='ltr'>illud</span> 
     </span>
    </p>
   </div>
   <div class='ocr_carea' id='block_1_3' title="bbox 0 0 1440 5296">
    <p class='ocr_par' dir='ltr' id='par_1_3' title="bbox 0 0 1440 5296">
     <span class='ocr_line' id='line_1_37' title="bbox 0 0 1440 5296; baseline 0 0"><span class='ocrx_word' id='word_1_220' title='bbox 0 0 1440 5296; x_wconf 95' lang='lat' dir='ltr'> </span> 
     </span>
    </p>
   </div>
  </div>
 </body>
</html>
