2858 5296
343 372 390 440 14
717 386 752 435 s.
771 383 883 435 coss.
902 380 1006 435 cnosi

340 572 456 663 peret.
505 550 1176 659 Exquodiscipmcstntvcrssit·-il

340 677 406 762 sio,
433 685 555 750 tamen
584 673 683 747 illam
708 694 783 747 non
811 694 943 770 perse,
975 692 1060 744 cun
1076 668 1176 768 picot

340 799 406 873 est,
425 787 513 872 fieri,
538 784 604 861 sed
620 808 706 860 cum
723 784 852 858 horum
877 781 1015 881 aliquid
1040 803 1176 857 seeum

339 902 488 974 misonis
512 922 599 973 vero
615 896 759 982 aemuli,
786 897 816 969 si
833 908 1021 994 perpetus,
1035 914 1175 992 qusep

340 1011 486 1100 hubent,
517 1010 784 1108 magistriam,
821 1031 930 1106 quam
961 1007 1037 1095 ulli,
1068 1007 1175 1099 ratior

340 1123 473 1222 Neque
490 1124 598 1209 enim,
617 1123 647 1195 si
664 1123 745 1220 quis
761 1144 835 1194 non
853 1122 975 1195 omnis
991 1133 1101 1206 tenet,
1127 1140 1175 1217 qs

333 1214 385 1310 ¹irs
399 1235 492 1310 alius
506 1235 646 1334 pmbst,
674 1235 837 1333 protinus
854 1233 924 1307 aiio
950 1254 1047 1306 novo
1063 1233 1175 1305 nomir

340 1348 467 1446 diget3
497 1346 664 1433 simodo,
696 1346 796 1444 quod
820 1347 977 1444 primum
995 1357 1061 1432 est,
1093 1366 1169 1418 non

340 1461 418 1549 soii,
448 1460 514 1535 sed
539 1461 671 1535 rationi
700 1483 847 1557 quoque
874 1459 1018 1533 insistit.
1069 1457 1143 1544 Sin,
1172 1495 1175 1521 ι

113 1655 118 1671 Ι,
179 1606 229 1655 vr,
246 1606 299 1656 un,
340 1574 489 1673 pmpius
501 1586 567 1660 est,
594 1575 655 1647 vix
674 1571 750 1645 uiis
765 1585 940 1670 perpetus
956 1583 1175 1669 praeceptor

86 1662 126 1735 3²
179 1675 314 1804 {w
339 1687 549 1783 srsrecipit,
562 1684 767 1770 idemsunt,
781 1683 929 1782 qoodii,
944 1707 1035 1783 quos
1048 1683 1175 1781 expeti

179 1818 305 1873 sensus
340 1799 540 1874 motinent:
557 1821 602 1872 eo
619 1799 746 1896 magis,
763 1797 946 1895 quonism,
962 1818 1175 1893 comprem

340 1911 499 1998 morbus,
529 1935 577 1985 sn
603 1910 750 1998 fuderit,
786 1909 940 2008 quilibet
968 1911 1078 1983 etism
1104 1909 1175 2007 imp

341 2022 465 2098 videte
501 2021 590 2121 quid
622 2035 746 2098 sutem
780 2045 1029 2122 compressum
1062 2044 1175 2119 corpu

340 2134 430 2232 quid
447 2133 606 2209 solutum
623 2147 756 2222 tenent,
783 2135 814 2208 si
830 2156 852 2208 s
868 2135 1008 2209 ratione
1025 2146 1175 2208 tractum

340 2246 500 2320 udmsst
515 2243 705 2338 medicum
724 2247 765 2333 si,
783 2258 827 2321 nt
842 2247 887 2333 ei,
906 2248 969 2345 qui
982 2270 1021 2320 se
1039 2247 1175 2320 rstions

340 2357 505 2434 confiteri
522 2382 670 2433 necesse
684 2372 751 2446 cst,
766 2359 811 2432 ab
829 2359 1065 2457 experientis,
1084 2359 1176 2458 empi

341 2470 440 2570 apud
459 2495 547 2545 eum
561 2471 680 2546 morbi
696 2473 858 2570 cognitio
873 2485 977 2546 extra
996 2491 1121 2559 artem,
1140 2494 1176 2545 m

341 2595 398 2658 trs
414 2607 519 2658 usum
536 2595 603 2658 est.
654 2583 787 2683 Neque
810 2584 994 2683 adjectum
1024 2583 1176 2682 quidqns

341 2720 469 2773 corum
495 2696 718 2796 professioni,
751 2698 815 2773 sed
844 2698 1008 2772 demtum
1034 2709 1111 2789 est3
1144 2721 1177 2795 qr

342 2808 459 2883 mults
481 2812 790 2909 circumspiciunt,
812 2810 850 2884 hi
874 2823 1016 2885 tontum
1045 2807 1177 2883 facillis

181 2939 232 3019 sn
246 2946 314 3018 gors-
341 2919 435 3018 plns,
462 2947 570 3019 quam
592 2921 764 3020 vulgaris.
816 2923 912 2999 Nam
930 2925 1020 3009 etii,
1051 2924 1113 3022 qui
1138 2944 1178 3021 pr

181 3019 282 3054 ”m
334 3031 511 3131 jumentis
528 3033 731 3119 medentur,
757 3059 842 3107 curn
859 3038 1005 3133 propria
1022 3035 1178 3135 cujusqn

178 3184 185 3233 5
340 3142 554 3217 animalibus
571 3167 676 3217 nosse
701 3168 773 3217 non
792 3148 940 3242 possint,
960 3149 1178 3221 communibr

341 3254 451 3328 modo
477 3255 671 3329 insistunt:
704 3268 742 3330 et
767 3271 913 3332 exterae
942 3274 1081 3356 gentes,
1108 3284 1179 3336 cun

341 3365 543 3441 medicinae
571 3369 746 3442 rationem
776 3393 849 3443 non
876 3374 1053 3459 noverint,
1080 3397 1180 3448 comr

181 3504 310 3556 voson-
341 3493 420 3554 tum
446 3478 597 3554 vident:
628 3481 745 3579 etqui
774 3482 895 3581 ample
923 3483 1180 3559 valetudinario

181 3573 259 3624 Νι*
341 3596 426 3693 quis
442 3595 592 3693 singulis
617 3619 758 3671 summa
774 3622 861 3671 cura
891 3599 1081 3672 consulere
1098 3622 1174 3672 non

341 3706 388 3781 od
417 3709 625 3782 commuuio
653 3709 721 3784 ista
747 3709 977 3807 confugiunt
1029 3710 1178 3810 Neque,

340 3818 439 3893 istud
468 3821 607 3918 antiqui
637 3821 770 3896 medici
797 3825 1016 3909 nescierunt,
1045 3823 1110 3898 sed
1138 3823 1182 3897 his

341 3954 414 4025 non
450 3928 606 4006 suerunt
673 3933 773 4032 Ergo
806 3937 916 4010 etiam
958 3937 1183 4010 vetustissimi

342 4041 586 4141 Hippocrates
616 4043 719 4133 dixit,
752 4048 886 4122 mederi
913 4063 1090 4147 oportere,
1117 4060 1184 4125 et<

342 4168 380 4229 et
397 4157 539 4253 propria
556 4158 768 4232 intuentem.
822 4159 882 4234 Ae
899 4186 945 4234 ne
962 4163 1020 4234 isti
1045 4160 1185 4259 quidem

343 4289 443 4342 suam
474 4265 731 4366 professionem
761 4275 956 4348 consistere
974 4271 1048 4347 ullo
1078 4272 1186 4349 modo

343 4378 519 4478 siquidem
536 4391 575 4455 et
597 4405 884 4480 compressorum
910 4398 949 4462 et
964 4385 1155 4461 fluentium
1179 4411 1187 4463 r
